5440 4080
1006 514 1675 111 absolutus beatam caelo animam reddidit cum sorciis sanctorum sociandam

1004 625 1675 93 & aeternae felicitatis gloriam possidendam. R̃ Suscipiamus ergo tantam

1008 720 1678 111 Sollempnitatem deuotione humili qua beatus uuandregisilus carnis nexibus

1010 802 1644 116 absolutus meruit penetrare secreta caeli habitacula. Ũ Dici

1008 895 1668 122 ergo presentis dignissimam sollempnitatem cuneti celebremus gaudentes. Q

945 958 1713 177 Ecce ad est beati uiri uuandregisili obtatissimum tempus quo eum

1010 1081 1385 124 omnipotens ad caelestem uoluit migrare felicitatis cla

2518 1097 161 61 ritatem.

965 1174 1714 122 Cernentes autem discipuli sanctissimi patris beatissimam dissolutionem

1026 1262 1655 127 laetabantur quidem de eius deo digna remuneratione. Felicitatis.

1013 1348 1668 145 In ultima uero exitus sui hora suauissima auchta fuit caelestis cantilena

1051 1464 1612 113 et uocans quendam iustum nomine agathonem cum aspectu iocundo ianua

1051 1552 1619 132 regni perpetui sibi aperta animam caelo reddidit dignis interra laudb

1051 1641 1607 136 uenerandus. Ũ Ualedicens namque fratribus exortabatur eos ut

1054 1727 1115 143 ceptum non relinquerent iter. Dignis. R̃ O

2509 1720 138 95 uirum

1057 1815 1612 157 omni moda laude dignissimum inciuis transitu caelicus exultat

1063 1938 1530 104 chorus omniumque uirtutum caelestium occurrit exercitus

1058 2024 1639 118 cui ianua caeli aperta monstratur et abraȩ Sius gaudentem suscepit.

1040 2137 358 91 Tunc multitudo

2087 2108 574 111 monachorum in eius Sacro

1051 2212 1217 95 transitu diuinas laudes decantabat domino. Cu iranua.

2278 2186 418 102 AD LAUDES

1074 2302 1623 109 ir domini fidelis uuandregisilus nomine ieiunus et orationibus uigilus semꝑ

1090 2375 1625 141 intentus corpusculi defer⟦ ⟧ uix ossa arida refouebat. A̾ Ihesu benigne

1103 2486 1617 125 uerbum patris aeterne de hac con ualle plorationis eripe me & ad tuam

1103 2586 1610 127 fac quam totius migrare misericordiam. A̾ Ex audiens autem dominus

1106 2670 1593 138 dignas eius preces aergitudine corporali coepit repente fatigari ut dignis

1112 2760 1578 127 simus caeli fieret heres. A̾ Cernentes discipuli sanctissimi patris

1115 2860 1564 120 beatissimam dissolutionem laetabantur quidem de eius deo digna re

1112 2953 1503 116 muneratione sed tristabantur plurimum de absentia corporali.

1023 3026 1673 146 Orantibus autem discipulis dominus permisit inclitum suum militem

1128 3146 1263 122 uuandregisilum ut plurima eis uentura prediceret.

2737 442 1710 194 Ecce adest beati uuandregisili gloriose consummationis dies ueneranda

2826 544 1630 151 qua terrena terris commendauit et caelestia spiritus celsa conscendit gau

2828 646 1088 146 dens cum xp̃o in perpetuum alleluia.

3933 618 558 153 AD UESPERAS

2828 729 1637 141 identes autem discipuli inclit patris beatissimam dissolutionem haec ei uerba

2835 831 1630 141 ubertim flentes dicebant cur nos tam cito deferis pastor bone dulcis sona uox

2837 929 893 131 tua et ultima nostris insonet auribus:

2849 1084 1649 174 REFATIO IN MIRACULIS SCĨ UUANDREG

2842 1190 1612 163 GISILI CONFESSORIS ATQUE ABBATIS

3041 1292 1388 140 ulta quidem & stupenda miraculorum signa

3048 1382 1376 141 commodaq relatu omnipotens ds̃ ꝑ beatũ

3039 1482 1430 138 uuandregisilũ opimum confessorẽ p̃teritis

3032 1564 1422 154 ac nr̾is dignatus est patrare. temporibus

2842 1672 1580 143 quȩ ob inertiam atq incuriam sunt scriptorum

2837 1761 1592 140 omissa tectaq silentio Quȩsi scripta fuissent: ad sci

2837 1856 1601 140 lutem plurimum prodesse poterant animarũ. Qm̃

2840 1953 1591 143 cum predicantur in populis uirtutum̃ signa: magis

2840 2058 1570 122 magisq excitant ad amorem dĩ corda torpentia:

2835 2135 1612 140 atq ad suffraga scõrum amplius accrebrius depos

2842 2237 1596 127 cenda reddunt accensa De his uero quae nr̃is acta

2837 2332 1587 131 sunt. temporibus. haec pauca largiente diuina grã

2837 2418 1578 134 licet in eruchto sermone: amore tamen predicti Scĩ

2844 2529 1557 129 patris uuandregisili ac iussione prelatorũ coenobii

2852 2611 1122 146 fontanellensis scribenda censuimus.

3988 2607 547 126 ¶ .II. de quadam

2866 2703 1564 142 muliere in festiuitate scĩ uuandregisili ⟦ ⟧

2856 2805 1003 132 trinum opus agente

2858 2885 1559 147 gitur cum quaedam mulier in festiuitate eiusdem

2853 2987 1582 138 precipui confessoris in pago caletensi ac uilla cam

2862 3071 1580 168 pania textrinum ageret opus. prohibita multum
