3534 4146
919 310 104 228 374

1196 532 1981 162 Anno Nonagᵐᵒ. Octauo. Die m̾curii post festũ assumpciõis Bt̃e marie uirginis.

1251 628 962 166 xxiᵐᵃ. menẜ Augusti Capitulañ dñis.

1282 784 287 69 P. Decano

1272 822 287 107 G. Cantore

1279 877 425 104 G. Archid̃ eccliẽ

1269 946 446 97 Sy. succeñ in eccã

1286 1005 342 104 G. de Albẏaco

1286 1067 339 104 Ro. de lorriaco

1289 1122 363 111 L. de mong̾ia

1286 1185 346 107 N. Dictatoris

1279 1257 194 86 Io. hue

1255 1299 404 117 Re. de putheolis

1272 1378 207 90 G. fedelli

1272 1430 384 100 T. de sc̃o Petro

1282 1496 357 100 Io. de pompod̃

1286 1551 380 100 Ph. de Salione

1279 1616 339 94 Ma. Reginaldi

1262 1665 332 103 Io. Uoẏgnon

1262 1744 380 104 Io. de Sanctis

1269 1810 242 104 P. Colli

1258 1869 339 110 N. de Rancia

1241 1931 422 117 Ro. de Dangello

1262 2028 456 96 N. de ordeimonte

1251 2093 457 132 N. de maignaco

1894 822 1273 103 Receptus fuit ad Capⁿⁱᵃᵐ. om̃u sc̃oꝵ in eccłia Sepulcri

1912 884 1290 111 parꝭ. fundatã uacañ ꝑ obitũ deffuncti magr̃i luce du

1912 943 1248 134 Ru ultimi possessoris eiusd̃ dñs Ioħes Calerii pb̃r

1908 1012 1273 141 uirtute collacõis sibi facte per magistrũ Robertum de

1901 1091 1224 132 lorriaco Canᶜᵘ̃. Parisieñ racõe turni sui.

1915 1292 1269 148 Facta relõne suꝑ terra de Montibus per dños P.

1912 1378 1203 124 Decanũ G Archid̃ de Iosaẏo. et Ioħem Rolandi

1912 1454 1224 176 Cõmissarios deputatꝭ ad se informãdum.

1881 1872 1269 104 Data est magr̃o Roberto Bolengarii pro p̃ma

1905 1924 1220 128 ꝙ cũ ałs fuerit eid̃ Iniunctũ de ꝑmutando

1901 2000 1259 107 bnficiũ suũ quod obtinet in ecc̃a Sancti mederici

1901 2055 1314 149 infra instans festũ Beati Remigii / ꝙ ex habũdãti

1912 2138 1290 135 ꝑmutet infra dc̃m tempus / Sub pena priuacõis

1922 2221 405 159 dicti Beneficii.

1217 2404 1971 138 Deputati sunt ad int̾essend̃ in ecc̃a ebdomada presenti magr̃i Iohannes

1234 2477 688 152 Uoẏgnon et Ro. Dangeul.

1231 2577 1936 193 magr̃i ma. Reginaldi . N. de ordeimonte Robertus de Dangello Aẏm̾icus

1251 2684 1937 166 de maignaco Petrus Colli et G. fedelli facieñ se fortes ꝓ se et xiiiiᶜⁱᵐ. aliis

1255 2753 1960 163 contradixerunt exp̾sse composicioni faciende cũ dño Ep̃o Parisieñ Racõe

1255 2826 1919 162 liñaris exequiaꝵ ecclĩe Parisieñ Suꝑ quo lis in ꝑlamenti curia inter

1248 2922 985 159 Capłm ⁊ dũm Ep̃m Parisieñ pendet.
