3204 4092
139 388 2276 236 Anno Nonagesimo Septimo. Die m̾curii post festũ bt̃e Katherine uirginis. xxuiiiᵃ mẽsis

300 514 580 140 Nouẽbris Capłan dñis .

324 641 276 95 P. Decano

348 685 194 92 G. Cantore

320 712 328 133 I. archid̃ Parꝭ.

303 804 283 92 G. archid̃ eccłie

324 842 419 153 Sẏ. succeñ infirmꝰ

327 934 253 102 A. de maig̃n

307 1002 351 123 I. de Sarraponte

313 1080 284 99 Io. Uoẏgnon

334 1152 249 96 N. le diseur

310 1203 300 109 Io. de Pompod̃

327 1278 304 86 R. Dangeul

337 1343 232 96 Io. Rolandi

344 1404 253 96 G. de Porta

334 1479 194 82 T. hocie

330 1527 226 106 G. fedelli

324 1578 314 116 M. Reginaldi

310 1650 396 92 L. de mongeria

324 1684 576 174 Io. de karolay infirmus.

996 627 1430 109 Deputati sunt cõmissarii ad audiendum Compota dñi Auberti

1023 702 1406 136 ⁊ Billart suꝑ officio uini ⁊ matutinaꝵ mag̃ri G. de Porta

1020 794 631 143 ⁊ reginaldus de Putheolis

1009 855 1304 198 Suꝑ domo dñaꝵ capelle haudri facta Relacõe ꝑ dñm

1013 985 1337 177 Archidiaconũ de Iosaẏo suꝑ łra nichil fuit Conclusum.

344 2069 665 167 Anno Nonagesimo Septimo

1044 2011 1317 205 Die lune post festũ ⁊ Bt̃i Andree t̾cia mẽsis decẽbris

334 2192 314 102 Capłañ dñis.

996 1705 1348 201 Die uen̾is sequeñ non fuit Capłm ꝓpt̾ festum ⁊ Beati

1023 1841 314 133 Andree apłi.

2671 262 96 99 301

2245 225 351 170 xxx⟦iiii⟧UI

310 2267 283 99 P. Decano

341 2335 290 96 G. Cantore

296 2404 355 88 I. archid̃ Parꝭ

341 2462 413 92 G. Archid̃ eccłie

327 2530 563 136 Sẏ. succẽtor infirmus

320 2615 280 102 Io. Uoygnon

320 2673 331 112 A. de Maigñ

317 2758 293 109 G. Paillardi

310 2833 249 99 Io. Rolandi

317 2898 338 119 Io. de Pompod̃

334 2973 276 106 N. le diseur

334 3045 293 105 R. Dangeul

272 3096 441 126 Io. de Sarraponte

313 3181 345 130 L. de mong̾ia

307 3256 252 130 G. fedelli

313 3348 359 109 Ma. Reginaldi

276 3416 628 154 Io. de karolay infirmꝰ

300 3505 689 201 T. de sc̃o Petro abs̃ ꝓ ecc̃a.

1081 2189 1225 163 De facto Canᶜᵒʳ. sc̃i Sepulcri ponãtur in cedula

1085 2271 1030 167 nomĩa Canᶜᵒʳ. ⁊ onus cuiuslibet ip̃oꝵ

1098 2363 1150 187 Informẽt se dñs R. de Baileux ⁊ mag̃r Ioħes

1119 2475 969 157 regis de debitis ꝑ illos de Balneolis.

1129 2622 1054 146 mandentur ille q̃ faciũt luĩare ⁊ Candelas

1146 2717 1160 133 eccłie / et dicatur eis ꝙ faciãt bonas cãdelas.

1050 2929 1345 126 placet dñis ꝙ quociescũqr ma. Io de kaerolay / uel he̾des sui

1064 3011 1266 92 aut executores potu̾int ⁊ uolu̾int eccẽ assignare decẽ libr̃

1054 3075 1279 99 p̃ Redditu in t̾ra Regis ⁊ situacioñ bõa / admortizatas eis

1047 3130 1327 102 restituantur duccẽte libr̃ ꝑisieñ q̃s eccliẽ intendit ꝯcede̾

1037 3195 1337 126 ꝓ uno duplo. sc̃i yuonis dũ ñ dcãs dec̃ libr̃ assignent

1054 3256 1075 167 anteꝙ̃ p̃fatas iiᶜᶜ. libr̃ in Redditũ ꝯu̾ti̾nt dñi
