3540 4104
345 331 1912 154 luniu̾site desẜ dc̃e si cõme il nous a monstre en complaignãt et loffre a ꝓuuer

359 437 1929 120 se mestier est. Nous ꝑ la uertu du pouoir et du priuilege desẜ transcript uous

372 506 1881 119 mandons et cõmettons de ꝑ le Roẏ nr̃e ẜ que uous a la Requeste du porteur de

365 554 2015 140 ces lr̃es leur faciez cõmandemẽt de ꝑ le Roẏ nr̃e ẜ et de ꝑ nous que audit escolier

355 625 1963 141 Rendent ⁊ restituẽt ses diz bñs et facent grez de ses debtes et de ses despens

359 690 2001 137 et dõmages raisonñ que il puet auoir eus soustenus et encourus en ce Requerãt

365 745 2005 154 ꝑ leur deffault / et que ilz uiengnẽt amender au Roẏ nr̃e ẜ a luniu̾site et a lescolĩ

362 820 1987 137 dessus diz lesdc̃es uillenñ ⁊ Iniures et se de ce faire sont refusans ou se opposent

386 902 1909 130 au contraire / ou ueullent dire cause pourquoẏ tenus ne soiẽt du faire / Non

379 943 2025 154 obstans quelx conques lr̃es priuileges ou coustumes tant de normãs cõme daut̾s

383 1002 2035 171 paẏs ou dit Roẏaume empetrez ou a empetrer au contraire / Donnez leur iour cõpetẽt

389 1077 1864 164 a Paris par deuãt nous Contre ledit escolier sur les choses desẜ dc̃es et pour

400 1138 1936 178 respondre a lui et au procureur du Roẏ a tout ce que ilz leur sauront demãder

389 1207 1929 174 et contre eulx requerre pour raison des choses desẜ dictes et pour aler auant

400 1251 1953 202 sur ce que de raison sera et le porteur de ces lr̃es gardez et deffendez de force et de

393 1323 1973 205 uiolence se mestier est Et leur segnifiez de ꝑ nous se ilz cuident auoir bonñ

396 1398 2001 192 et iustꝭ deffenẜ que ilz uiengnent seuremẽt au iour que uous leur assignerez

396 1463 2008 205 ou ferez assigner sans doubte de estre molestez ou mal traictiez / et que noꝰ

407 1535 1963 185 les orrons en ẏcelles / et les garderons et ferons garder de force et de uioleñ

410 1610 1953 178 et leur baillerons du conseil de la court se mestier en ont et ilz nous en

403 1655 2134 222 Requie̾nt. Tant en fautes chũn de uous endroit soẏ que ꝑ uous nẏ ait deffault

393 1761 1905 184 et que ledit escolier nait cause de soẏ complaindre de uous / Et ce que

396 1819 1929 185 fait en aures ou fait faire / nous rescripsiez ou fautes rescripre soubz

396 1898 1967 160 uos seaulx. Donne soubz le seel de ladicte Preuoste de Paris / lan de grace

362 1990 1888 154 mil .CCC. iiiiˣˣ. et dix sept. le xixᵉ iour du mois de ianuier.

383 2099 625 144 Sic sigñ Oliuerii.

369 2264 1991 194 Deputati sunt ad se informãdũ de terra de mons dñi Decanus Parisieñ

403 2373 1721 161 dñs Garnarius Gueroudi Archidiaconus de Iosaẏo ⁊ Io. Rolandi.

400 2513 1402 188 De causa illoꝵ de Sancto Benedicto ad xuᶜⁱᵐ. dies.

389 2681 1882 273 Citetur magr̃ Petrus Aguenini Canᶜᵘˢ. Sancti Mederici Pariẜ.

2377 153 181 257 lxxi

2592 246 116 102 373
