3528 4146
967 317 100 97 372

1216 390 1983 121 Uniu̾sis p̃ntes liãs inspecturis. Salutem. Notũ facimus ꝙ cũ ad suppⁿͤᵐ. uniu̾sitatꝭ

1233 483 1863 104 magr̃oꝵ ⁊ scolariũ Parꝭ studẽtiũ nos eisd̃ nr̃as cõcesẜimus lr̃as tenorem qui sequitur

1240 528 1935 114 contineñ. Pħus dei gr̃a francoꝵ rex. Preposito nr̃o Parisieñ uel eius locũteneñ. Salt̃

1226 590 1904 121 Cũ uniu̾sitas magr̃i ⁊ scolares parꝭ in nr̃a spãli gardia et ꝓtectõe existant cũ

1226 659 1870 101 uen̾int ad studiũ et ibid̃ morãtur uel ad ꝑtes suas redeũt frequẽter tamen prout

1226 715 1942 100 accepimus iniurꝭ molestꝭ opp̾ssioñ et uioleñ nedũ In p̾positura tua eisdem / Sed in

1247 773 1893 111 locis aliis inferũtur in p̾iudiciũ gardie nr̃e quas ꝓsequi opporte̾t / Supplicañ sibi

1254 843 1848 107 per nos de remedio ꝓuideri opportuno. Quare nos eoꝵ supplicacõi fauorab̃liter

1254 901 1821 104 annueñ Idcirco tibi ꝓtectõem ip̃oꝵ ac custodiã coħcionem insuꝑ eoꝵ qui in

1250 953 1887 114 ꝓtectionis et gardie nr̃e p̾iudiciũ uniu̾sitate seu magr̃is aut scolarib predictis

1254 1012 1931 110 infe̾nt uiolenciam in debitam Iniur̃ uel Iactur̃ siue infra p̾positure tue fines siue

1254 1077 1931 90 in locis aliis quibuscunꝙ Regni nr̃i tenore pñciũ cõmictimus quod eciã concedimus

1240 1136 1876 97 eis de grã spãli / Priuilegiis seu consuetudinibus In contrariũ impetratꝭ seu eciam

1247 1178 1949 124 impetrandis non obstañ quibuscunꝙ / In cuius rei testimoniũ sigillũ nr̃m pñtibus

1240 1236 1966 121 est appensũ. Datũ apud uincenñ ultima die Decembris Anno dñi millesimo Treceñ

1212 1295 1949 145 xlᵐͦ. Post modũꝙ uniu̾sitas magr̃i ⁊ scolares predicti asẜeñ ꝙ licet sub illo

1237 1350 2018 128 uerbo Iactur̃ in dictis lr̃is contento illicite detenta contineãtur Dictus tamen p̾poĩtus

1243 1426 1991 139 sepius hesitau̾at an ip̃e de bonis ad dc̃os magr̃os ⁊ scolares ꝑtineñ et de hiis que debebãtur

1247 1478 1959 152 eisdem debe̾t seu posset cognosce̾ uirtute lrãꝵ p̃dictaꝵ asẜeñ insuꝑ ꝙ nõnulli bailliui

1247 1530 1952 159 et alii de ducatu normãnie et de quibusdam aliis p̃tibus regni nr̃i p̾textu quorũd̃

1250 1592 1890 173 priuilegioꝵ eisdem ut dicebãt a nobis seu p̾decessoribus nr̃is concessoꝵ dicto p̾posito

1257 1661 1977 145 in p̾misẜ obedire recusabant / nobis supplicañ ut suꝑ ħ declaracõem facere dignaremur.

1233 1720 1956 159 Nos igitur uisis litt̾is supra scriptꝭ et suppⁿͤ. uniu̾sitatꝭ magr̃oꝵ et scolariũ p̃dcoꝵ /

1257 1768 1942 156 hiisque consideratꝭ que circa ħ considerari debebant ħita suꝑ ħ deliberacõe diligeñ

1264 1862 1894 128 cũ dilectis et fidelibus gentib ꝑlamenti nr̃i ⟦consiliar⟧ cancellario et plurib aliis

1257 1914 1994 138 consiliariis nr̃is declarauimus ac ecꝭ tenore p̃nciũ declaramus ꝙ suꝑ ħ Iniur̃ molestꝭ

1243 1983 1970 134 opp̾ssioñ et uioleñ eisdem magr̃is et scolarib in ꝑsonis uel familiarib propriis eorũd̃

1247 2041 1928 142 seu dc̃oꝵ magr̃oꝵ aut scolariũ ꝓpriis bonis ad ipõs magr̃os seu scolares sine fraude

1250 2100 2018 138 aliqua fictõe et absꝙ cessione transportu aut alio similat̃o contractu ꝑtineñ / illatis

1237 2162 2018 145 uel infe̾ndis dc̃am nr̃am gardiam infringeñ contra dc̃aꝵ lr̃aꝵ tenorem / necnon suꝑ dãpnis

1240 2225 1932 148 ⁊ inte̾e exinde secutꝭ a quibuscũꝙ ꝑsonis et ubicũꝙ infra regnũ nr̃m dc̃us p̾positus

1247 2273 1997 162 sũmarie et de plano cognoscet / et faciet breue iusticie complemẽtũ / facieñ nobis et

1250 2349 1942 145 ꝑti debite emendari et ab om̃ib Regni nr̃i Iusticiariis ubicũꝙ constitutis obedietur

1250 2415 1904 131 dicto p̾posito in hac ꝑte / Non obstañ quibuscunꝙ Priuilegiis Normãnis seu aliis

1257 2466 1932 152 Regnicolis concesẜ seu eciã concedendis.. In Cuius rei testimoniũ pñtibus lr̃is

1250 2542 1939 139 nr̃um fecimꝰ apponi sigillũ.. Datũ Parꝭ in ꝑlamẽto nr̃o die xxiᵐͣ. maii. Anno

1261 2608 1918 128 dñi millõ CCCᵐͦ. ⟦Non⟧ xluᵗͦ Et pour ce que honnorable hõme et sage maistre

1257 2681 1966 124 henry de Arnhen Recteur de luniu̾site de Paris nous a tesmongne que uenerable hõme

1216 2746 1966 135 Iehan Truquan le Ioune clerc est uray escolier estudiant a Paris en la faculte

1257 2819 1966 117 de Decret soub uenerable ⁊ discrete ꝑsonne maistre Iaques Petit docteur regẽt

1268 2874 1872 107 a Paris en ladc̃e faculte de decret / et il se soit dolus en complaingnant

1261 2954 1962 107 ꝑ deuãt nous que Alexandre le celier Iehan de Sains Girard louuel et ysabeau

1254 3009 1907 110 la uache cõme heretiere de feu Girard Ceruel et fille dudit girart Ceruel

1271 3071 1863 100 lui detiennent et empeschent pluẜs de ses biens et debtes a tort ⁊ sans

1271 3137 1838 107 cause dont il deust uiure en lestude de Paris et lui ont fait pluẜs grans

1254 3206 1869 107 uillennies dõmages et Iniures nõdeuz a declairer en lieu et en temps se

1250 3268 1949 142 mestier est / la quelle chose est en grãt grief p̾iudice de nr̃e sauuegarde et de
