3246 4092
423 405 2010 205 Anno Nonagesimo Septimo. Die lune post Cõcepõnem Bt̃e marie virginis .xᵃ.

467 538 693 164 mensis decẽbris. Capłan dñis.

460 647 249 92 P. Decano

464 719 225 99 G. Cantore

460 760 359 106 J. archid̃ in ecc̃a

474 835 580 136 G. Archid̃ eccłie abẜ ꝓ ecc̃a

460 907 297 92 Sẏ. succẽtore

399 985 382 82 J. de Pompod̃

453 1040 352 105 L. de Mong̾ia

447 1108 280 95 N. le diseur

430 1176 259 106 G. fedelli

460 1244 195 85 T. hocie

436 1295 311 133 Jo. Voẏgnon

477 1346 529 130 Ro. de lorriaco abẜ ꝓ eccã

423 1439 570 112 Jo. Rolandi abẜ ꝓ ecc̃a

440 1507 566 150 Jo. de karolay infirmꝰ.

1331 794 1078 130 Petrus Torrete ꝓcũr magr̃i Guidonis de Rota

1396 872 993 106 fuit Receptus ad canᵗᵘ̃. et preᵈᵃ̃. eccłie parꝭ

1399 941 918 122 vacañ ꝑ obitũ magr̃i Odardi de molinis

1385 1002 884 133 ꝓut in Regestro recepcionũ cõtinetur

1392 1057 1004 146 Et dedit fideiussores dños J. de Bordis

1389 1142 976 136 Archid̃ parꝭ ⁊ g. fedelli canᶜᵒˢ. parꝭ

1389 1193 1099 177 ꝓ cappa ⁊ soluit .x. frꝭ ꝓ Jocũdo aduẽtu.

1331 1353 1095 130 Dñi ordinauerũt ꝙ magr̃ bassaꝵ oꝑaꝵ

1382 1452 990 96 soluatur ex duob ãnis ꝑ Camerariũ cl̾icũ

1361 1514 1055 122 ⁊ ordinabitur an de cet̾o ħeat pensionem.

1324 1623 1027 139 Ponatur in procurͣio capłi in Castalleto ad

1358 1694 1143 150 Requirend̃ hospitꝭ eccłie Petrus de Chastillon

1365 1797 433 102 una cũ aliis ⁊tꝭ.

382 1865 1935 136 Deputati sũt ad videndũ ⁊ se informãd̃ de quad̃ domo sita ꝓpe domũ dñi

402 1957 1191 126 ducis Aurelianeñ / Jo. Rolandi et Ro. de lorrꝭ.

1085 2240 1263 177 Die m̾curii post concepcõem bt̃e marie virginis.

344 2168 731 242 Anno Nonagᵐᵒ. Septimo.

436 2346 861 143 xiiᵃ. mensis decẽbris. Capłan dñis.

2587 279 136 137 303

2252 317 270 116 XXXVII

402 2482 284 68 P. Decano

426 2547 266 82 G. Cantore

395 2608 396 75 J. Archid̃ Parꝭ

416 2663 389 88 G. Archid̃ eccłie

409 2731 376 95 N. de Ordeimõte

409 2792 335 86 L. de Mong̾ia

368 2840 379 99 Jo. de Pompod̃

365 2929 368 85 J. de Salebruce

378 2987 290 78 Jo. Voẏgnon

385 3038 256 88 G. fedelli

389 3109 320 69 M. Regnaldi

392 3161 396 98 T. de sc̃o Petro

395 3229 338 85 N. Dictatoris

392 3287 253 92 A. Regine

395 3341 311 103 A. Grangerii

372 3413 334 75 P. de Ogero

351 3437 570 146 J. de karolaẏ / infirmꝰ

372 3522 604 113 Jo. Rolandi abseñ ꝓ ecc̃a

372 3600 651 147 Ro. de lorrꝭ abseñ ꝓ ecc̃a

382 3669 358 167 Sẏ. succẽtore.

1068 2468 1314 127 Dñs Robertus de Baileux suꝑ informaciõe torcularis

1085 2547 1263 99 ⁊ debitoꝵ de Balneolis exhibuit quẽdam Rotulũ qui

1075 2612 1300 129 incipit sur le debat et ⁊ cͣ. Nichil tñ fuit conclusum.

1433 2693 116 89 chori

1082 2700 1218 140 Fiat lr̃a ꝓ pu̾is eccłie scd̃m statutũ eccłie m̃ quo

1085 2803 519 95 cauetur in qua Canᶜⁱ.

1638 2779 648 95 Parꝭ cedendo vel decedendo

1092 2878 512 81 cet̾eqr ꝑsone subiecte

1382 2864 194 54 eccłiastice

1621 2843 655 110 dñis decano ⁊ Capło dũ

1078 2901 1195 120 ad bñficia ad collõem dñoꝵ spectañ Recipiũtur

1088 2997 492 85 tenẽtur eisd̃ pueris.

1064 3028 1154 136 Eadem die fuit incarc̾atus Geruasius thiesse

1078 3144 406 95 de mãdato dñoꝵ

1068 3195 1123 119 Vadat Joħes Regis ad mesniliũ madame Roesse

1088 3294 553 105 die sabb̃i post prãdiũ

1082 3324 1174 140 De Garnoto Dauerẏ suꝑ suppⁿᵉ. ał porrecta veniat

1082 3413 1163 116 magr̃ Joħes Salemon die ven̾is ꝓxĩa in capło

1088 3478 1188 112 aduisatus suꝑ dc̃a suppⁿᵉ. ⁊ quad̃ declaracõe Creditoꝵ

1075 3542 1201 147 quib tenetur dc̃us garnotus in alia cedula cõtẽta.
