3558 4206
935 245 120 109 302

1289 455 1971 189 Anno Nonagesimo Septimo. Die m̾curii post festũ ⁊ Beati Andree apłi .v.ᵗᵃ mẽsis Decẽbrꝭ

1279 546 312 102 Capłañ dñis.

1233 669 295 130 P. Decano

1254 767 281 81 G. Cantore

1251 809 322 95 J. archid̃ Parꝭ

1258 858 655 165 G. Archid̃ eccłie abẜ ꝓ eccã

1240 939 267 87 Sẏ. succẽtore

1240 1009 302 91 T de sc̃o Petro

1247 1065 309 102 L de Mong̾ia

1209 1149 428 116 Re. de Putheolis

1237 1233 168 88 T. hocie

1226 1261 281 123 Jo. Rolandi

1221 1386 346 68 N. dictatoris

1237 1437 273 91 Ro. dangeul

1209 1500 350 77 Jo. de Pompod̃

1205 1563 330 98 P. de Og̾o

1219 1626 242 108 G. fedelli

1216 1685 421 127 Jo. de Salebruce

1202 1777 298 105 Ja. Cosson

1191 1812 607 161 Jo. Voẏgnon abẜ ꝓ ecc̃a

1205 1917 624 133 Jo. de karolaẏ infirmus

2071 606 1104 109 Concluserũt dñi mei in cã ꝓsequcõis domus

2068 679 1248 134 bonaꝵ feminaꝵ capelle Stepħi haudrẏ in vico p̃dicatoꝵ

2054 746 1206 81 quã ad pñs tenet mag̃r ẏuo karẽbert site ꝓcedat᷑

2075 809 1223 119 Repulsa quad̃ cedula ꝑ eũ tradita / in qua ꝓ Redempcõe

2068 872 869 123 Redditus eccłie / petebat ii .c. lb̃ꝵ . p̃.

2054 995 1237 123 Facta Relacõe ꝑ mag̃rm Thomam de sc̃o Petro suꝑ fc̃o

2075 1072 1128 133 Stangni de melenfroy . scilicet ꝙ dñs vicecomes

2075 1139 1149 129 meled̃ cõsentit accipe̾ quintũ denariũ deputati

2033 1191 1251 165 fuerũt dñi ⁊ mag̃ri .E. Archidiaconus de josayo

2054 1279 1121 151 et T. de sc̃o Petro ad eundẽ erga dc̃m dñm

2036 1377 494 102 vicecoĩtem meleduni

2043 1440 1073 172 Videat suꝑ facto de mongay mag̃r Egidius

2047 1563 199 98 Abbatis.

1994 1566 1234 211 De domo sc̃i Stepħi de Gressib / quã ał visitau̾unt

2022 1657 1252 183 mag̃ri Jo. Rolandi ⁊ Tho. de sc̃o Petro / placet dñis

2012 1720 1227 190 ꝙ tradatur illi qui in ea moratur / ⁊ de quad̃ łra

2029 1777 1234 175 in quodã ꝑuo libro ãtiquo cõtenta ex ꝑte ꝓc̃uris dc̃e

2022 1861 1181 171 eccłie exħita / dñi voluerũt suꝑsede̾ pro pñti / nec

2026 1959 806 154 concluserunt quid fie̾t suꝑ ip̃a.

1903 2099 964 214 bt̃i Andree .viiᵃ. decẽbrꝭ. Capłan dñis.

1254 2176 642 182 Anno pd̃co. Die ven̾is in octꝭ

1233 2330 526 144 P. Decano abseñ ꝓ ecc̃a

1219 2407 249 116 G. Cantore

1212 2467 403 105 J. archid̃ Parꝭ

1223 2530 340 112 G. Archid̃ eccłie

1233 2621 277 112 Sẏ. succẽtore

1226 2656 354 140 L. de Mong̾ia

1209 2740 266 116 G fedelli

1223 2811 266 112 M. Reginaldi

1188 2884 357 116 Jo. de Pompod̃

1219 2968 256 81 Ro. de lorrꝭ

1223 3017 340 91 Re. de Putheolis

1202 3087 336 120 T. de sc̃o Petro

1181 3165 315 101 N. dictatoris

1198 3235 281 80 Jo.  Voygnon

1198 3284 435 108 Jo. de Sarraponte

1216 3364 417 119 Pħ. de Salione

1198 3410 519 154 Jo. Rolandi abẜ ꝓ ecc̃a

1219 3501 568 165 Jo. de karolaẏ infirmꝰ.

1924 2218 1416 207 Deputatus est dñs Archidiaconus de Josaẏo ad Concordãd̃

1966 2295 1357 197 magr̃m Reginaldũ de Putheolis ⁊ Remigiũ ladureẏ

1945 2358 1336 211 Tonnellariũ ad inuicem litigantes / Et ħ de cõsensu

1945 2523 161 123 ꝑciũ.

1949 2544 1321 200 Scribetur officiali Archidiacioni de Pincereẏo / ut

1945 2646 1343 189 suꝑsedeat a causa incepta contra płes justiciabiles

1942 2740 1079 179 subditos ⁊ officiarios eccłie in spedona.

1913 2839 1347 217 De Garnoto danerẏ loquatur dño decano Andree

1945 2958 1038 161 Grangerii ⁊ officiario Anniu̾sarioꝵ.
