3594 4206
1023 231 200 154 304

1255 399 2016 161 Eadem die facta Relacõe ꝑ me / ꝙ magr̃ Gobertus Buitardi Capellanus capⁿⁱᵉ. ad altare

1318 504 1970 126 sanctorum Bartholomei et Uincencii fundate bene Repparauerat capsulam et alia ornamenta

1258 578 1925 80 dc̃e capⁿⁱᵉ. ⁊ recuꝑauerat buretas argenteas / Dñi deliberauerũt fructus suos et

1276 630 1953 127 uoluerĩt ꝙ dñs Ioħes haẏs officiarius Anniu̾sarioꝵ ei soluat ea in q̃b racoe capⁿⁱᵉ.

1318 697 996 140 dicti magistri Goberti super dicto officio tenetur

1276 963 1848 183 Anno Nonagesimo Septimo. Die ueneris post festum Conceptionis beate Marie uirginis

1293 1090 635 157 xiiiiᵃ. Decẽbrꝭ. Capłan dñis

1297 1167 235 87 P. Decano

1290 1219 249 95 G. Cantore

1279 1275 302 88 I. archid̃ Parꝭ

1297 1328 322 105 G. Archid̃ eccłie

1290 1380 386 123 Sy. succeñ in ecc̃a

1276 1465 322 94 G. de Albẏaco

1272 1524 372 116 Io. de pompod̃

1283 1598 312 98 N. Dictatoris

1293 1671 263 99 M. Reginaldi

1283 1710 343 105 L. de mong̾ia

1283 1791 379 91 N. de Ordeimõte

1286 1854 312 91 Ro. de lorriaco

1290 1920 217 116 G. fedelli

1262 1990 158 95 T. hocie

1272 2039 316 116 I. de Sanctis

1258 2071 428 161 Io. de Sarrapõte

1255 2187 354 126 T de sc̃o Petro

1255 2271 322 105 Ro. Dangeul

1255 2337 224 98 A Regine

1255 2407 301 106 Io. uoẏgnon

1276 2467 291 116 Io. Rolandi

1258 2534 288 112 G. de Porta

1283 2597 652 129 Io. de karolaẏ infirmus

1272 2695 530 172 P. de Og̾o abẜ ꝓ ecc̃a

1903 1282 1350 144 Elargitus est Geruasius Thiesse usq ad p̃mã diẽ capłarem

1921 1363 1329 140 post purificacõem cũ caucõe sua iuratoria ⁊ patris

1928 1437 1248 157 sui / ⁊ int̾im purget se suꝑ crimĩbus sibi impõitis

1910 1535 397 143 ⁊ absoluatur.

1886 1650 1332 179 De facte de Balneolis loquetur Cras et fiet cõgregacio

1917 1752 348 140 in reuestiario.
