4080 5440
1459 3167 1672 121 reator uniu̾soꝵ dñs. ac pius redemtor humani gen̾is. de sua largus

1465 3245 1684 106 beniuolẽcia. in t̾cet̾a pecatoꝵ remedia que nob̾ mcd̃it̾ ꝯtulit. hũc eciam

1456 3327 1681 112 portũ salutis ad quẽ in necessitatibꝰ tenderemꝰ ostẽdit. uidelicet ut qd̃ ꝑ

1190 3396 1974 121 nos mediplos obsistẽtibꝰ pecatis nrĩs ap̃d eũ obtin̾e nõ possumꝰ. saltĩ m̾itis int̾cessione

1190 3481 1910 103 scõꝵ assequi ualeamꝰ. Qua ꝓpt̾ ego Petrꝰ dei gr̃a canigone abbas ⁊ omnis quẽtus

1184 3545 1986 117 ipsius loci. cõfisi de med̃ia dei ac patrocinio beatissimi cõfessoris xp̃i MARTINI. ⁊ ut isdẽ

1187 3626 1992 103 pius cõfessor indulgẽtiã pecatoꝵ nrõꝵ obtineat. hãc comunitatis cõfratriã in cape

1184 3693 1956 105 lla nr̃i monasterii que sita est in honore p̾nominati p̾sulis MARTINI instituimꝰ. ut

1184 3786 1983 85 de comuni oblacione nr̃oꝵ. siue illoꝵ laicoꝵ qui in hac societate ꝓ remedio animaꝵ

1187 3853 1934 103 suarũ se sociari decreu̾ĩt. una semꝑ olei lampas in diebus ac noctibꝰ ante scm̃ altare

1187 3919 1959 100 ipsius ecłe ardeat. ad quã illuminandã. in die sollemnitatis beati MARTINI duos dena

1190 3992 1977 106 rios unusguisque offerat. Sacerdos uero qui hanc tenuerit eccłam. imo die in omni

1190 4080 1965 87 ebdomada. ꝓ defuntis frĩbꝰ istius cõfratrie. ⁊ ꝓ salute uiuoꝵ missam in eodem altare

1184 4137 1950 97 celebret. ⁊ quãdo cũque ex frĩbꝰ aliquis obierit. unusquisq ceteroꝵ fratrũ infra .xxx.

1190 4203 1980 115 dies misam ꝓ eo decantari faciat. Qui autẽ ex frĩbꝰ ad suũ obitũ illuc se ꝑduci ⁊ se peliri mã

1190 4282 1965 112 dau̾int. cet̾i om̃s ad eius exequias cõuenientes. ꝓut potuerĩt cũ omni honorificẽtia in ci

1193 4355 1988 118 miterio monasterii sepeliant. Qiquid uero de iam dicta commitate denarioꝵ illumi

1196 4415 1938 103 nata ut dictũ est lampada suꝑ fuerit. ad arbitriũ sacerdotis ⁊ fr̃m ipsius eccłe. utilit̾

1196 4483 1886 131 in bono expendat᷑. Facta est hec cõfratria die scĩ pasche. anno dñice incarnacõnis.

1187 4556 1700 113 .mͦ.cͦ.xcͦ.uͦ. ad quã coseruandam. ego iam dictus abbas me ipsum cõscribo

1205 4620 1995 97 Deinde ad peticõnẽ ipsoꝵ frũm. cõscripta sũt hec eoꝵ noĩna. Arnallus pͥor Petrꝰ ab̃b̃s

1202 4687 1992 103 Berẽgariꝰ de ederr capellanꝰ ipsius eccłe. Guiłh̃mꝰ de ũnet. Arnallus de turre. Petruᷤᷤ dͤ

1199 4766 2037 96 Petrus de tͥla. Ioh̃s nouel. Benedictꝰ yla. Arnallꝰ camin̾. Raimũdꝰ de aqua tepida. aspira.

1199 4823 1956 97 Guiłłmꝰ de casa fabre. Geraldꝰ de ederr. Arnallus de fuhels. Arnallꝰ de riuo. Arnallꝰ bonet.

1199 4871 2031 124 Petrꝰ Bͤnedicti.  B̾ngariꝰ obeig B̾nardꝰ d astoer. ⁊ Petrꝰ fr̾ eiꝰ. Arnallꝰ d ila Arnallꝰ d scã pasce ȩoxiani cam̾

1187 4956 2013 112 ari b̾engariꝰ d te᷑ mbch̃s istiꝰ loci ⁊ scĩ miheaelis. arnallꝰ. d ũiuto. monacᷤᷤ scĩ mihaelis.

1196 5028 1983 124 Arnall d palma atq A⟦ ⟧ moħi. ⁊ b̾nardꝰ de lae. Arnallꝰ segiu. Iordanꝰ d gairtos.

1224 5122 214 91 b̾nardꝰ

1136 5183 429 105 Guiłłmꝰ d

2212 5122 299 182 petrus

2778 5077 436 140 Guiłłmꝰ de musiesrol

2733 5149 526 109 Guiłłm. de barida. mͦs

2597 5199 648 150 llmꝰ carde. abbas. a⟦ ⟧

1704 5104 326 145 ⟦ ⟧ d ⟦ ⟧liols

3168 5222 91 54 puer

3103 4488 106 90 sͥ m

2924 4542 316 86 tini ⁊ pꝰea cori

3146 4605 77 77 ani

3032 4125 68 63 ta
