3189 2500
362 297 1151 111 seruãtia sua nõ se reddũt elatos s ip̃a in

362 381 1169 108 se bona nõ a se posse s a dnõ fieri existi

356 460 1194 100 mãtes operãtem in se dmñ magnificãt iᵈ

356 540 1207 108 cũ ꝓphã dicẽtes Non nobis dñe nõ nobis

355 622 1178 98 s noĩ tuo da glãm Sicut nec paulus de

352 705 1188 93 predicaciõe sua sibi aliqͥd ĩputauit dicẽs

359 787 1192 96 Gratia dei sum id quod sum Et iterũ di

359.0 861.0 1203.0 104.0 cit Qui gla̾tur in dnõ gleͬtur Unde et dͦ

361 943 1195 94 minꝰ in euãgelio ait Qui audit uerba

363 1020 1198 98 mea hec et facit ea similabo cũ uiro sa

363.0 1101.0 1210.0 99.0 pienti qͥ edificauᵗ domũ suã supra petram

359 1187 1178 83 Uenerũt fluĩna flauerũt uenti et inpe

361 1258 1202 92 gerũt in domũ illã et nõ cecidit qr fun

368.0 1331.0 1216.0 102.0 data erat supra petrã Hec cõplẽs dñs ex

373.0 1418.0 1171.0 91.0 pectat cotidie hiis suis sanctis monitis

379 1486 1169 104 factis nos rñdere debere ¶ Ideo nobis

373 1568 1210 98 ꝓpter emẽdacionẽ malorũ huiꝰ uite dies

372.0 1638.0 1197.0 105.0 ad inducias relaxãt᷑ dicẽte apło An nes

372 1726 1165 99 cis qr paciã dei ad paciẽtiã te adducit

363 1791 1224 115 Nã piꝰ dñs dᵗ Nolo mortẽ pctõris s ut cõ

377 1878 1202 141 uertat᷑ et uiuat Cũ g⁰ ĩterrogassemꝰ dñ

1709.0 293.0 1234.0 136.0 frẽs de hĩtatore tabernaculi eiꝰ audiuimꝰ ha

1713 397 1200 114 bitãdi preceptũ S si cõpleamꝰ hĩtato̾is of

1707 468 1245 126 ficiũ ei̾mꝰ heredes r̾gni celoꝵ Ergo p̃parã

1702 554 1252 115 da st̃ corda nrã et corꝑa scõꝵ p̃ceptoꝵ obe

1698 636 1193 105 diẽtie militatura et qd minꝰ h ĩ nos nrã

1694 715 1203 107 posᷤᵇ rogemꝰ dmñ ut grẽ sue iubeat nobis

1694 790 1190 114 adiutoriũ mĩstra̾e Et si fugiẽtes gehẽne

1691 869 1204 127 penas ad uitã ꝓpetuã uolumꝰ ꝑueĩre dũ

1693.0 947.0 1218.0 115.0 adh ͨ uacat et in hͦ corꝑe sumꝰ et hᶜ oĩa per

1693.0 1026.0 1209.0 118.0 hãc lucis uitã ĩplere currẽdũ et agẽdum

1690 1101 1208 118 ẽ mo ꝙ ĩꝑpetuũ expediat ¶ Cõstituẽda

1684.0 1184.0 1227.0 111.0 ẽ gͦ a nobis frẽs dnici scola seruicii. ĩ qua

1686.0 1258.0 1226.0 117.0 ĩstitutiõe nichil asꝑm nichilq gͣue nos cõ

1690 1331 1205 123 stituturos eẽ sꝑamꝰ s et si quid paululũ

1684 1416 1220 111 restrictiꝰ dictãte eqͥtatĩs rõne ꝑꝑ emẽdati

1679 1501 1218 107 onẽ uiriorũ uel cõseruatiõe caritatis pro

1679.0 1566.0 1180.0 121.0 cesserit nõ illico pauore ꝑt̾ritꝰ refugias

1677 1641 1211 117 uiã salutis que nõ est nͥ angusto ĩiciõ ĩci

1673 1720 1220 120 piẽda processu uero cõuersacioĩs et fidei

1668.0 1801.0 1223.0 115.0 dilatato corde ĩenarrabili dilcoĩs dulce

1666 1876 1167 164 diẽ currit᷑ uia mãdatorũ dei ut ab ip̃iꝰ
