2156 3190
1353 105 141 117 261.

1600 65 236 176 viˣˣ. xi

270 216 1699 138 mensis augusti Inde proximo sequentis ad procedend̃ in negocio

277 309 1568 100 electionis seu prouisionis noui presulis et pastoris dicte

263 348 1658 109 eccłie par̃ p̃fixissent ⁊ acceptassent Decerneñ suos cõcanonicos

268 417 1593 120 absentes fore vocandos aut citandos ad hmõi diem sextam

281 478 1638 111 augusti Cum cõtinuacione dierum et horarum sequeñ ꝯꝑituros

274 535 1608 110 in dicto capitulo ad procedend̃ cum ipsis in hmõi electionis

278 593 1570 116 seu prouisionis negocio prout de iure esset procedend̃ Et

273 656 1618 117 suas licteras citatorias per magr̃m Johannem gaudon alterum

268 717 1618 113 nostrum notariorum subscriptoꝵ dictorum ꝙ dominoꝵ decani ⁊

274 777 1592 113 capituli scribam seu notarium esse faciendas decreuissent. Et

266 840 1646 108 per nõnullos ipsorum adhoc specialiter cõmissorum suppremo

252 887 1658 104 domino nr̃o Regi ipã die in eccłia beate katherine de valle scolariũ

271 954 1633 114 parisius exñti obitum dicti de Bellomonte ⁊ conclusionẽ ip̃oꝵ

265 1012 1609 107 de procedendo ad electionẽ seu prouisionem futuri eoꝵ pontificis

266 1079 1606 110 notificassent Et postea lictere citatorie ex ordinacõe eoꝵd̃ dñoꝵ

260 1127 1627 114 Decani ⁊ capituli fuissent duplicate ⁊ una ex ipsis ꝑ eumdem

263 1198 1587 103 notarium ad aquillam chori eiusd̃ eccłie parisieñ palam

270 1256 1555 110 et publice pluribus astantibus lecta et publicata et deinde

267 1318 1593 110 affixa ⁊ dimissa in maiori et anteriori valua eiusd̃ ecclesie

264 1374 1591 94 ⁊ alie ad dictos dominos canonicos absentes per certos nũcios

265 1431 1575 110 ex parte eorumd̃ dñoꝵ decani ⁊ capłi transmissi fuissẽt ac

255 1486 1610 101 contra ipsos ⁊ eorum queml debite executate prout legitime

272 1544 1576 124 constitit Die sabbati quarta eiusd̃ mensis augusti dicti

268 1603 1596 119 domini decanus et capitulum Nos Johannem gaudon p̃fatum

277 1659 1625 112 Nicolaum militis et Johannem Raoulin pro notariis venerabilesq

271 1725 1614 116 et discretos viros magiõs Cosmam guymier in utroq petrum

266 1787 1613 114 painescher in canonico iuribus licenciatos ⁊ simonem viart

266 1838 1587 125 magnũ vicarium in ead̃ eccłia pb̃ios pro testibus in hm̃oi

260 1890 1654 125 electionis seu prouisionis negocio assumpserunt ⁊ juramẽtum

247 1951 1655 122 videlicet per nos notarios de fideliter scribendo ⁊ de non Reuelando

283 2020 1582 108 seu cõmunicando secreta hm̃oi negocii ⁊ per eosd̃ testes de

264 2086 1613 110 fideli testimonio perhibendo ac eciam de hm̃oi negocii secreta

278 2141 1614 108 non reuelando seu cõmũicando ut prefertur p̃stari fecerunt

239 2225 526 87 Postea vero

765 2190 1119 106 videl die dominica inde proximo sequeñ

246 2259 1632 122 xp̃iãnissimus et suppremus Dominus noster Rex auditis in ip̃a

249 2318 1638 109 eccłia vesperis factaꝙ per eum cena in domo epãli parisieñ

244 2378 1639 102 Dictos dominos decanũ et capitulum ad se vocari fecit Quibus

272 2441 1581 104 saltem maiori parte eorund̃ coram sua Regia maiestate in ipsa

235 2490 1629 122 domo comparentibus inter cetera exposuit ꝙ nuper tam ꝑ suas
