2174 3179
224 112 180 122 262.

611 212 1569 181 licteras ꝙͣ per suos nũcios deprecatus fuerat eosd̃ decanũ et capłm

592 305 1523 125 qt̃us magrũ Iohannẽ de Rely suũ confessorem ep̃m andegaueñ

578 370 1545 96 uirum notabilem bene famatum in suũ ep̃m postularent et ad

614 434 1475 112 hunc finem ipse parisius uenerat ut ipsi ad ipsum de Rely

601 500 1498 93 postulandum preuiores Redderentur Et quia dicebat suam

602 558 1483 109 Requestam fore racionabilem instanter Requirebat illam sibi

615 611 1508 93 concedi Ad que dictus dominus decanus p̃ntibus dictis dñis

602 672 1508 115 canonicis sub hiis aut in effectu similib uerbis Respondit Ꝙ

601 740 1501 100 in crastino omnes ⁊ singuli proposuerant domino auxiliante

615 798 1475 99 probare et preparare missamq celebrare seu sacramẽtum

593 850 1500 93 eucaristie Recipere ⁊ procedere in hm̃oi negocio scd̃m deum ⁊

607 911 1492 82 eorum consciencias taliter ꝙ facerent Rem gratam deo ⁊ utilem

625 966 1504 101 eccłie et ꝙ dictus dominus ⟦Rex⟧ nr̃ Rex merito deberet contentari

607 1019 1487 109 Que uerba uel in effectu similia per dictum dñm nostrum

620 1083 1476 90 Regem et per p̃fatum Dñm decanũ Respectiue fuerunt Repetita

601 1147 287 82 et iterata

904 1144 1182 87 Dicta autem die lune sexta

627 1215 1450 102 mensis augusti anno predicto millesimo quadragentesimo

626 1261 1480 111 nonagesimo secundo indicione decima sedeq apłica uacante

635 1321 1487 112 per obitum felicis Recordacionis Innocencii pape octaui aduenieñ

609 1369 1493 117 inter sextam ⁊ septimam horas de mane missa solemnis de

620 1430 1463 111 sancto spũ per dictum dñm decanũ in ipã eccłia parisieñ

623 1484 1491 119 incepta ⁊ celebrata extitit Qua durante et perantea om̃s

607 1541 1540 104 domini canonici in ipã eccłia missam celebrauerunt demptis

605 1606 1518 112 domini ⁊ magr̃is ludouico du bellay archidiacono Ambrosio

616 1661 1526 90 de cambray cancellario / Iohanne de louuiers Nicolao de hacqueuille

627 1710 1489 114 Iohanne de lailly germano de gannay Iohanne emery Ioħe

617 1759 1509 113 de paris mathurino preuost ludouico chambon ⟦ludouico chambon⟧

622 1820 1480 119 ludouico Iuuenel Iacobo mesnart et Iohanne basin canonicis

636 1870 1455 119 parisieñ Qui finita dicta missa ad maius altare genibus

614 1933 1477 118 flexis prostrati sacramentum eucharistie per manus Dicti

617 1986 1493 101 Domini Decani uestibus sacris nondum deuestiti humiliter ⁊

596 2039 1503 125 deuote Receperunt Dempto eciam magr̃o Ioħe de courcellis

609 2098 1516 119 archidiacono de Iosas qui senio fractus et debilitatus in capella

607 2169 1506 96 Domus sue claustralis celebrauit Quo facto Dicti Domini

585 2230 1501 101 Decanus et capitulum ac uicarii et cappellani eiusd̃ ecclesie

593 2283 1520 103 processionaliter precedeñ cruce cum aqua benedicta ⁊ luiãrib

596 2344 1511 98 assensis decantando illud deuotum Responsorium filix namq

567 2402 1535 104 Dictam eccłiam parisieñ exeuntes copiosa populi multitudine

623 2463 1505 127 eos insequeñ locum capitularem introierunt ubi dicto responsoᵒ

239 769 376 141 suas cõsciencias

125 2109 408 114 M. Ioannes d

122 2176 450 117 Courcellis arch.

162 2257 310 98 de Iosayo
