2156 3190
253 224 1657 127 Cum versiculo et collecta deus qui de beate marie decantatis

238 309 1666 113 Dictus dominus Decanus hymnũ. Veni creator sp̃us incepit

253 368 1670 104 quem omnes genib flexis decantauerũt Quo finito ⁊ dicta

275 428 1617 105 per eumd̃ dominũ decanũ collecta deus qui corda fideliũ

265 488 1627 97 ac exclusis vicariis cappellanis et popularibus a dicto capło

268 542 1622 98 et in eodem Remanentib Dominis et magr̃is Johanne luillier

247 596 1668 102 decano Arturo de vaudetar cantore ludouico du belloy archidᵒ

260 654 1603 104 parisieñ Johanne de courcellis archidiacono de Josas Petro

268 705 1624 108 henry succentore Ambrosio de cambray cancellario Johanne.

271 754 1640 113 quentin peniteñ ludouico de melleum Johanne de louuiers Johẽ

268 819 1624 102 picart petro de cerisay vedasto samxon Johanne lenfant petro

255 861 1642 109 de chasteaupers guillõ condurier Johanne compains Johanne

254 930 1595 94 Simonis guillõ cambray Johanne louet guillelmo bourcier

260 985 1519 99 Nicolao de hacqueuille guillermo garin balduyno legay

273 1018 1635 114 Johanne de lailly Johanne saulay martino du belloy petro du

270 1093 1543 114 Reffuge Thoma fabry Johanne boucart Simone michel

268 1145 1605 113 Martino Ruze germano de gannay Johanne de besanson hugone

275 1193 1600 124 parpas Johanne gaignon Roberto briconnet Stephano poncher

257 1249 1637 112 gerardo gobaille Johanne emery Johanne de paris mathurino

271 1299 1613 112 preuost ludouico chambon ludouico Juuenel Jacobo menart ⁊

275 1364 1593 123 Johanne basin et cum eisd̃ nobis notariis et testibus supͣnoiãtis

257 1435 1590 101 Prefatus magister Johannes quentin penitenciarius in sacra

284 1493 1640 96 theologia professor ad dictos dños capitulariter congregatos

297 1555 1642 103 sermonem habuit Et hec verba pro themate sumpta unanimes

273 1616 1595 98 uno ore honorificetis deum / eleganter verbis latinis deduxit

268 1682 550 109 Postmodum

832 1666 1135 109 presidente inibi dicto domino decano Reiteratis

262 1741 1633 112 per nos notarios et testes iuramentis ałs a nobis prestitis per

259 1809 1659 101 dictum magr̃m Johannem gaudon alterum nostrum notariorũ

228 1862 1639 105 De mandato ⁊ ordinacoẽ dictorum dñorum capitulanciũ vocati et

279 1919 1639 103 nominati fuerunt Omnes ⁊ singuli canonici dicte pariẜ eccłie

224 1980 1719 101 vocem in capitulo habentes Qui omnes Responderunt demptis

254 2043 1640 110 magr̃is anthonio de pompadour Roberto Dauuet Stephano blocet

266 2102 1628 112 et petro de Rochechoart absentibus qui ex ordinacione capituli

257 2155 1683 123 per nos notarios pñtibus dictis testibus per organũ dicti gaudon

250 2218 1679 118 nostri connotarii in anteriori porta dicti capituli propter hoc aꝑta

250 2284 1658 106 palam ⁊ publice alta voce coram populo trina vice vocati fuerũt

225 2341 1706 120 Magr̃o Nicolao dargouges mĩime vocato eo ꝙ a tempore citacõis

265 2407 1632 115 contra eum emanate ⁊ executate Resignauerat suos canõicatum

224 2463 1672 134 ⁊ prebendam parisieñ In fauorem emerici dargouges eius nepotis

1589 55 269 147 viˣˣ xx

1496 117 146 109 263.
