2174 3179
237 151 150 79 264.

610 214 1524 147 simplicis clerici uocem in capło non habentis ⁊ ob hoc mĩime citati

620 304 1499 110 prout publice in eodem capitulo Relatum extitit Et deinde facta

619 367 1503 120 per nos notarios dictis dominis capitulantibus Relacione de hm̃oi

585 431 1509 85 uocacione magr̃i Iohannes de louuiers pro dicto pompadour et

608 492 1489 101 Iohannes louet pro Dicto de Rochechoart ⁊ nicolaus de hacqueuille

599 548 1510 104 pro dicto blocet canonicis absentib procuratoria se habere dixerunt

607 596 1505 117 et illa exhiberunt Quib uisis et lectis Duo ipsorum scilicet

614 666 1505 108 procuratoĩm dicti de Rochechoart simpliciter ⁊ absolute ⁊ ꝓcuratoᵘ

575 728 1527 93 Dicti de pompadour de gr̃a quia non cõtinebat excusacionem

608 786 1459 114 legitimam admissa fuerunt procuratorio dicti blocet non

592 844 1533 110 admisso sed Reiecto cum quia ⟦Impedimẽtum particular⟧ dictus

614 910 1511 101 magister nicolaus de hacqueuille In dicto procuratorio nominatus

614 973 1482 98 asseruit illud procuratoĩm fuisse parisius in albo delatum

601 1024 1511 112 ⁊ ibid̃ nomen suũ de aliena manu fuisse scriptum ⁊ appositũ

590 1089 1531 99 ut eciam per Inspectionem Dicti procuratorii notorie constitit

583 1149 1537 77 Cum quia Impedimẽtum particulare In eo non exprimebatur

608 1208 1513 102 Cum quia dictus de hacqueuille deliberando suꝑ dicto ꝓcuratoiͦ

603 1267 1522 105 dixit illud non ualere ⁊ adiuncti non debere ⁊ propter alias

626 1322 1510 108 causas tunc expressas Dictum procuratorium non fuit admissũ

599 1380 1500 100 ⁊ p̃fatus blocet ac eciam Dictus Dauuet qui non comparuit

623 1448 1463 99 nec procuratorium misit uis dictis citacionib ⁊ earum

1418 1442 271 45 prius et lectis

633 1503 1489 98 executionib Reputati fuerunt cõtumaces Dicti uero de louuiers

615 1563 1488 102 ⁊ louet onere ⟦hmõi⟧ procurationũ Dictorum de pompadour

596 1623 1519 93 ⁊ Rochechoart per eos assumpto Iurauerunt in aĩam Ip̃oꝵ

630 1688 1393 94 constituentiũ contenta in dictis procuratoriis esse uera

619 1751 406 96 Quibus

1026 1724 1068 122 sic actis p̃fatus dñs decanus ex ꝯmissiõe dictoꝵ

596 1793 1530 95 dominorum capitulantiũ monuit In scriptis omnes ⁊ singulos

618 1846 1479 127 capitulantes p̃fatos sub hiis uerbis Ego Iohannes luillier

596 1902 1519 119 Decanus ⁊ canonicus huius eccłie parisieñ uice mea ⁊ omniũ

609 1965 1498 111 ⁊ singulorum canonicorũ In pñti cap̃lo exñtium et in electione

593 2023 1517 106 Ius ⁊ uocem habentium ac de mandato ab eis michi spãliter

626 2078 1507 116 facto moneo omnes excoĩcatos suspenses ei int̾dictos et qͣscumq

621 2126 1501 131 personas si que sunt Inter nos q̃ de iure uel consuetudine In hec

618 2207 1476 107 electionis negotio non debeant int̾esse ꝙ Recedant de capitulo

595 2273 1476 97 me ⁊ omnes concanonicos meos eligere libere ꝑmictentis

608 2325 1499 110 Protestans uice ⁊ nomĩe quibussupra ꝙ non est nr̃a Intentio

617 2386 1477 98 ̃talis admictere nobiscum tamꝙ̃ In electione Ius habentes

615 2447 1498 125 aut procedere seu eligere cum eisd̃ ymo libent̾ eligeremus siue Ipsis
