2156 3190
1555 54 251 138 uiˣˣ. xiii

1386 119 141 108 265.

151 229 1749 137 Nec Intendimus Initi Uocibus eoꝵ protestorꝙ ꝙ uoces talium si

234 317 1650 108 qui postmodum Int̾fuisse Reperirentur nulli prestant suffragium

242 378 858 101 nec asserant alicui nocumẽtum

1103 382 699 91 Quibus monicione

244 430 1678 99 et protestatione sic factis Ipe dominus Decanus primo Iuraᵗᵘ̃

225 486 1654 104 In manibus p̃fati domini cantoris prestitit sub hac uerborum.

241 550 1635 98 forma Ego Iohannes luillier decanus ⁊ canonicus huius

244 610 1623 112 eccłie parisieñ iuro et promicto omnipotenti deo ⁊ beate

247 656 1661 106 marie uirgini In cuius honore hec pñs eccłia par̃ est fundata

253 716 1656 117 eum eligere quem credam futurum ip̃i eccłie In spuãlibus ⁊

243 777 1684 122 temporalibus utiliorem esse nec illi uocem dare qͣ uerisimiliter

253 826 1659 135 sciuero promissione aut donatione alicuius Rei temporalis seu

243 888 1652 128 prece per se uel alium int̾posita aut ałs qualit̾cumq directe

233 941 1691 135 uel Indirecte pro se electionem procurare Deinde dictus dñs

253 1004 1656 135 cantor omnesq alii Dicti domini canonici sub dicta uerborum

241 1071 1696 119 forma sigillatim ⁊ successiue Dictis de louuiers ⁊ louet tam suis

249 1139 1669 118 propriis qͣ dictorum De pompadour ⁊ Rochechoart procuratoriis

246 1187 1662 136 nominib Iurantibus in manib p̃fati domini decani p̃stiterũt

263 1244 1627 111 ead̃ Iuramenta Quibus Iuramentis sic prestitis dictus

243 1308 1603 129 magister Iohannes de louuiers d̃ sede sua assurgens elegit

257 1350 1667 151 ⁊ nomĩauit uia spiritus sancti in ep̃m et pastorem dicti pariẜ

255 1414 1616 138 eccłie magr̃m Robertum briconnet canonicũ pariẜ Dicto domino

258 1480 1660 141 cantore ⁊ quibusd̃ aliis de dictis dominis canonicis assurgentibus

260 1533 1683 139 et dicentibus ꝙ nolebant Impedire uiam spiritus sancti Sed quia

254 1603 1665 137 non omnes in hmõi uia perstiterunt ⁊ aliqui In suis sedibus

254 1654 1644 155 et locis sedentes remanserunt illa uia dimissa seu Relicta iidem dñi

260 1733 1611 117 capitulantes per uiam scutinii in hmõi electionis seu prouisionis

257 1791 1598 130 negotio procedere decreuerunt Cum protestatione de ipsam uiam

242 1854 1415 138 Reiterando seu aliam eligendo prout eis melius uideretur

1672 1848 227 90 Qua

214 1915 1645 131 uia sic per eos acceptata per deliberationem maioris ⁊ sanioris

246 1974 1644 120 partis eiusd̃ capituli aliis non cõtradicentibus prefati magistri

251 2040 1622 118 arturi de uaudetar cantor Iohannes picart ⁊ Iohannes louet

260 2102 1643 115 canonici capitulantes electi fuerunt ⁊ assumpti scrutatores

215 2137 1693 138 uotorum suorum ⁊ dictorum capłancium Quib ꝑ dictũ capitulũ

223 2206 1696 128 Data fuit potestas Inquirendi ⁊ scrutandi uota singuloꝵ sua p̃mo

210 2259 1648 141 Deinde aliorum secreto ⁊ sigillatim Illaq In scriptis Reddigendi

252 2328 1603 136 seu redigi faciendi ac in cõmuni capitulo Refferendi an ex hm̃oi

244 2395 1630 125 uotis posset sequi electio uel non Et si non posset sequi electio

233 2454 1662 135 declarandi nomina electorum ⁊ numerũ uotorum tacitis tamen
