2174 3179
210 92 165 123 266.

599 230 1516 146 et non expressis nominib eligentium Quo facto domini

613 315 1508 121 scrutatores onere hmoĩ suscepto ⁊ Iurato per eos secrete ⁊ sigillatim

614 374 1479 111 hmoĩ uota primo sua Deinde aliorum fideliter exquirere et

604 442 1527 90 exquisita In scriptis Reddigere seu per nos notarios Redigi face̾

591 500 1527 104 ⁊ ut p̃fertur Refferie unacum nobis notariis ⁊ testib supͬscriptꝭ

595 557 1491 110 ad certum locum in uno angulo dicti capituli tapetis seu

604 617 1485 85 tentoriis ornatum ad modum conclauis ⁊ paratũ ad hmoĩ

617 679 1466 98 scrutiniũ faciendum se Retraxerunt ubi dicti scrutatores

620 736 1477 82 sua primo deinde aliorum oĩm ⁊ singulorum supranoiãtorum

595 795 1505 108 uota uicissim ⁊ successiue ac secreto ⁊ sigillatim In uim Iuramẽti

620 860 1455 96 per ipsos ut p̃mictitur prestiti Inquisierunt ⁊ Inquisita ꝑ

570 927 1519 77 Dictum magr̃u nicolaum militis alterum nr̃m notariorum

609 974 1483 101 nobis aliis duobus notariis ⁊ testibus uidentib ⁊ audientib

591 1033 1514 90 In scriptis Reddigi fecerunt prout et fideliter Redacta fuẽut

593 1095 1497 101 Et quia ex uotis huius scrutinii in plures diuisis uisum est

580 1152 1511 98 Dictis scrutatorib non posse : sequi electionẽ a maiori parte

617 1208 1474 79 tocius capituli Iidem domini scrutatores ad dictos dominos

601 1266 1516 90 capitulantes Redeuntes Diuisionẽ hm̃oi uotorum ⁊ quot

583 1326 1545 114 uota unusquisq In dicto scrutinio nominatus et electus habuerent

607 1401 1474 82 nominanciũ tamen ⁊ eligentiũ nominib non expressis.

608 1445 1481 104 Retulerunt Propter quod ex ordinatione dictorum dñoꝵ

615 1499 1476 103 capitulanciũ p̃fati domini scrutatores ad dictum locũ scrutinii

599 1564 1489 105 Reuertentes ⁊ secundum scrutiniũ facientes denuo uota sua

608 1620 1512 110 primo ⁊ deinde oĩm aliorum canonicoꝵ uicissim ⁊ successiue

601 1684 1493 88 ac secreto ⁊ sigillatim Inquisierunt et Inquisita ꝑ eumdẽ

604 1748 1478 91 militis cõnotarium nostrum nobis ⁊ testibus uidentibus

604 1804 1499 95 ⁊ audientib In scriptis Reddigi fecerunt prout ⁊ fideliter

607 1860 1473 99 Redacta fuerunt Et quia ut prius non est uisum Ipsis

588 1912 1514 90 scrutatoribus ex uotis Istius scrutinii posse sequi electionẽ

606 1950 1512 124 Iidem scrutatores ad dictos dños capłantes Reuersi diuisionẽ

588 2029 1514 98 uotorum ⁊ quot uota unusquisq in scrutinio hmoĩ nomiãtus

614 2090 1481 100 et electus habuerat noĩacium ⁊ eligencium nomĩibus non

580 2151 557 95 expressis Retulerunt

1153 2153 564 98 Cum autem

1725 2143 388 90 Domini capłante

591 2212 1506 98 Deliberarent quid̃ in hm̃oi electionis negocio ulterius agerit

600 2264 1497 118 Deberent per magr̃m nicolaum ponart in legibus. licenciatũ

617 2333 1480 85 eorum bailliuũ extra locum capłarem et In claustro eiusd̃

617 2395 1487 107 loci exñtem percusso ꝑ eum hostio et capituli ⁊ sibi apperto

614 2450 1531 112 eisdem dominis capłantibus Relatum extitit Ꝙ domini admiraldus
