2156 3190
229 241 1678 155 francie et daubigny pulsabant in prima porta dicti capituli

246 340 1630 111 peteñ ex parte domini nrĩ Regis Ingressum sibi dari In capło

204 399 1644 102 ut possent alloqui dominos capłantes Suꝑ quo ex

202 454 1682 85 Deliberatione dictorum dñoꝵ capitulantium fuit conclusum ꝙ

210 505 1642 85 eisdem dominis ob Reuerenciã Domini nr̃i Regis aditus non

238 563 1604 107 denegaretur Et illico patefactis Ianuis p̃fati

215 616 1661 96 Domini ad dictum locum capłarem accesserunt sedentibus

210 672 1634 96 autem Dictis dominis Iuxta dominũ decanũ ipse dominus

234 734 1633 98 admiraldus exposuit se illire venisse ex parte ⁊ de mandato

233 783 1594 114 Dicti domini nostri Regis et ꝙ ipse dominus noster Rex

240 846 1576 115 eisdem capitulantib Recommandauerat pluries licteris

243 894 1618 131 nũciis ⁊ verbo magr̃m Johannẽ de Rely ep̃m andegaueñ

260 967 1618 116 suũ confessorem ut ipsi domini capitulantes Ipsum In ep̃m

220 1012 1656 120 parisieñ postularent virum utiq prouidum ⁊ benemeritũ

207 1073 1659 117 ad maiora Et Denuo Ipsum ex parte dicti domini

239 1129 1597 128 nostri Regis ⁊ ex cõmissione sibi verbothenus facta

212 1198 1603 117 ut dicebat ad finem predictum Recommandauit

219 1262 1649 131 Dicendo ꝙ non debebant eidem domino nostro Regi

243 1343 1636 120 suam Requestam que tam Iusta et Racionabilis

220 1403 1643 114 videbatur denegare presertim ꝙ Ipse Dominus

259 1465 1614 139 noster Rex expresse propter hoc venerat parisius

243 1543 1643 132 Et Ita faciendo Rem gratam eidem facerent eorumq

257 1597 1598 109 consciencias non cederent actentis virtutibus et

231 1661 1684 133 meritis dicti magistri Johannis de Rely andegaueñ

251 1733 1634 138 ep̃i Quibus dominis admiraldo ⁊ daubigny

259 1796 1649 148 ex deliberatione dominorum capitulantiũ per organũ

231 1867 1613 135 Dicti domini decani fuit Responsum ꝙ Domini

249 1929 1636 150 capitulantes illa die se disposuerant ad procedendum

254 2003 1618 145 in hmoĩ electionis seu prouisionis negotio secundum

228 2071 1597 142 Deum ⁊ eorum consciencias et ꝙ post Deum in

254 2138 1644 139 omnibus volebant dicto domino nostro Regi ꝯplacere

258 2226 1606 142 Ꝙꝙ taliter facerent Deo Inspirante ⁊ auxiliante

258 2265 1632 171 ꝙ Dominus noster Rex merito de Ipsis deberet esse

271 2347 1642 147 contentus Recedentibus Itaq dictis dominis admiraldo

244 2421 1648 165 et daubigny Quia Iam erat inter p̃mam ⁊ secundam

1500 54 310 150 viˣˣ. xiiii

1420 127 157 90 267.
