2174 3199
275 128 190 115 268

591 269 1497 120 Horas post meridiem et domini capitulantes

608 363 1490 112 erant uexati nec pransi fuerant Continuatum

610 431 1446 94 est hm̃oi negotium ad diem crastinam Et

584 495 1517 107 ulterius per eos conclusum extitit ꝙ illa die

621 567 1515 104 crastina uidel martis sextima eiusdem mensis augusti

598 633 1499 113 Inter sextam ⁊ septimam horas de mane celebraretur

606 706 1497 111 ad maius altare dicte ecclesie missa solemnis de

610 770 1497 96 sancto spiritu et qui uellent celebrare seu Recipere

614 837 1501 115 eucaristiam id facere possent et hiis dictis omnes a

613 909 824 88 loco capitulari Recesserunt

1437 903 648 94 Dicta uero die

608 957 1452 111 martis adueniante Magister balduynus legay canonicꝯ

608 1021 1480 109 missam solemnem De sancto spiritu ad maius

608 1087 1440 114 altare eiusdem eccłie celebrauit Qua finita

563 1156 1509 91 dicti domini decanus ⁊ capitulantes unacum nobis

602 1213 1484 113 notariis ⁊ testibus predictis ad dictum locum

606 1286 1486 107 capitularem accesserunt ubi per dominos decanũ

597 1348 1503 105 cantorem Iohannem simonis et quosd̃ alios Relatum

599 1413 1499 109 extitit ꝙ aliquibus eorum fuerat mandatum ⁊ Inuĩctum

611 1479 1468 113 ex parte dicti domini nostri Regis de se Reperiendo

589 1548 1518 91 Illa hora que erat septima de mane uel circa corã

584 1611 1533 107 eodem domino nr̃o Rege Quare domini uolentis

589 1685 1488 108 parere dictis mandatis concluserunt ꝙ domini

602 1746 1526 98 qui fuerant mandati adirent dictum dñm nr̃m Regẽ

601 1818 1489 114 Et quia siue illis commode In hmoĩ electionis

1778 1808 173 47 negocio

593 1900 1499 106 ⟦negocio⟧ procedi non poterat ꝙ electionis seu

596 1960 1488 115 prouisionis hmoĩ Negocium In crastinã diem

545 2038 1547 110 uidelicet mercurii sequeñ continuaretur prout

598 2107 1503 116 et continuatum fuit Qua die inter sextam et

607 2174 1490 117 septimam horas de mane Iterate missa solemnis de st̃o

610 2233 1526 104 sp̃u ad altare maius dicte eccłie celebraretur post cuiꝰ decãtacⁿᵉ̃

613 2302 1496 105 omnes In capło cõparerent ⁊ hii qui adirẽt regiã maiestatem Ibi

608 2356 1504 101 Refferẽt ea q̃ sibi dicta essent ⁊ ulterius ꝓcederet᷑ in hmoĩ

610 2412 1510 109 electionis seu ꝓuisionis negocio Dnõ auxiliante ꝓut melius

613 2468 336 168 fieri posset

960 2481 539 128 Adueniente

1501 2489 576 134 aut̃ ead̃ die que fuit
