2156 3220
341 276 1604 148 Mercurii octaua dicti mensis augusti

283 368 1620 102 dictus dominus cantor missam solemnem de sancto spiritu

281 418 1646 99 ad maius altare eiusd̃ eccłie celebrauit Qua celebrata om̃s

294 487 1606 109 ⁊ singuli domini decanus ⁊ canonici supranoiãti capellam

287 547 1631 109 vicarii eiusdem eccłie processionaliter cruce ⁊ aqua benedicta

290 598 1544 121 precedentibus Decantantes illud Responsoriũ Sancta et

247 649 1686 118 Immaculata virginitas ad dictum locum capitularẽ accesẜũt

255 719 1624 110 ubi finito Responsorio cum versiculo ⁊ collecta pertineñ

257 783 1598 107 Dicti domini canonici illum hymnũ veni creator spũs

287 834 1611 123 cum versiculo / emite sp̃m tuum / et collecta Deus qui corda

283 906 1556 118 fidelium decantauerunt Quo facto venerunt in dicto

301 957 1596 120 loco capitulari Domini de myolent ⁊ senescalus de beaucaire

284 1014 1676 129 ex parte Regis missi ut dicebant Qui sedentes prope dictũ

252 1078 1646 116 Dominũ decanũ per organũ Dicti dñi de Myolent xposuerunt

289 1139 1596 130 ꝙ Rex miserat eos pro illa materia de qua tot vicib ipsos

292 1194 1612 135 per se licteras ⁊ nũcios deprecatus fuerat videl de postulando

289 1266 1596 123 magr̃m Johannem de Rely eius confessorem ad epãtum par̃

300 1325 1603 105 q̃ Requesta erat Racionabilis et examĩanda ⁊ si Respueretur

295 1385 1605 137 fieret Iniuria dicto domino nr̃o Regi Requirendo propterea

287 1458 1603 121 ꝙ in fauorem domini nr̃i Regis ⁊ meritorum dicti magistri

294 1506 1611 128 Johannis de Rely eumdem postulare vellent ad hm̃oi epãtum

297 1572 1567 119 parisieñ Et casu quo super hoc ad inuicem concordare non

292 1626 1594 124 possent ꝙ hmõi negocium ad sanctissimũ dñm nr̃m papã

291 1691 1541 115 Remictere dignarentur Quibusquidem Dominis per

297 1742 1590 111 organũ dicti domini decani nomine totius capłi Responsum

306 1797 1573 113 extitit ꝙ domini erant Ibidem congregati ad prouidendum

314 1842 1621 119 eorum eccłie de pastori ⁊ ꝙ scd̃m Deum ⁊ eorum consciencias

271 1902 1546 123 Intendebant facere taliter ꝙ Rex deberet contentari Et

257 1961 1619 126 Deinde post recessum Dictorum dominoꝵ a capitulo Dictis

247 2017 1621 121 Dominis decano ⁊ canonicis capitulantib per dictum magr̃m

294 2083 1626 132 Johannem simonis exposita et Relata fuerunt ea que die hest̾na

288 2150 1591 134 ipẽ et alii qui fuerant a Regi mandati audierant ⁊ fecerant

294 2211 1549 141 circa dñm nostrum Regem ⁊ que eis Dicta fuerant

291 2256 1583 145 Qua Recitatione facta Dicti domini capitulantes ordinau̾u̾t

302 2342 1526 119 quod tres p̃nominati scrutatores cum potestate ałs eis Data

306 2388 1554 128 procederent Iterum via scrutini ad sua primo ⁊ deinde alioꝵ

289 2444 1611 134 oĩm ⁊ singulorum dnõꝵ vota secreto ⁊ sigillatim scrutanda

289 2508 1649 133 Qui domini scrutatores ad conclaue unacum nobis notariis

1652 57 192 130 viˣˣ. xl

1519 134 146 105 269.
