2964 3840
524 380 100 61 328

2640 361 112 96 a

736 406 2019 186 Lune ante f bĩ Thome apłi. Anno lxiiᵈᵒ cap̃ dm̃s .xix.

684 588 436 132 Ste. Decano

681 704 381 147 Tho. Canʳᵉ

697 828 474 157 P. Arcħ Brie

665 953 506 122 .I. Succentore

672 1094 493 125 G. Coqͣtricis

672 1216 509 131 Iuł de arneis

675 1321 458 147 .P. de pacyaco

659 1443 506 160 Almᶜᵒ de Rony.

627 1568 557 150 Reg de Buxia

652 1680 484 128 G. de Lumbr̃

636 1804 493 157 .Iohanne galli

643 1929 518 141 Gir. Cancellar̃

1293 617 1469 176 Usq ad uenis̃ expectabĩ si quis uolu̾it amplius

1289 758 1409 166 cariorar̃ sergenteriam uacañ ultᵃ xxuiii. franc

1289 940 1399 157 Deliberatũ est ꝙ abb̃isse et conuentui de

1325 1062 1318 131 ᷚᷚgiffo soluentur et tradentur uante q̃ sũt

1629 1155 217 73 diu est

1315 1158 1354 138 in sequestro apud Egidiũ de ualle Hellandi

1331 1248 1472 140 uel Robtũ de pres ex uend .ii. arp̃ uinear̃ ap̃ Castaetũ

1302 1324 1428 116 q̃ uendidit Pħ de la Granche Laurᵒ de labarre et .N. dinuri

1309 1401 1434 131 Dictum est dnõ Gaufrido Curato de uerepno

1325 1494 1402 160 ꝙ nisi .. muneriꝰ qui obtulit iii. mod̃ cũ diᵈᵒ

1321 1600 1476 160 ꝓ molendino de yteuilla possit dare fideiussor̃

1312 1721 1399 128 ydoneos obligatos sub sigillo regio de monte

1302 1814 1415 134 Lecħico uł  de Corbolio ꝙ alt̾ offc̃iis .iii. yd̃

1270 1910 1437 138 ħeat molendinum nec tñ ex ħ dcũs mun̾ꝰ

1283 2006 1383 160 erit de sex sext̃ plus oblatꝰ. liber nͦ quittꝰ

662 2217 2029 173 Querant᷑ noĩa.. dnõꝵ int̾ quos ħent distribui floreni qui sunt

668 2326 1995 141 penes magũm Iacobum de uille Iudea magistrum Pu̾oꝵ et quos id

659 2419 2032 144 Iacobus ħuit a domino Iohanne Hancquini capełło dm̃ epĩ Attͣbateñ

649 2505 2126 167 et eos distribuat Idem dñs Iacobus et ħeat pro quittañ cedulã caudatã uł barbatã

662 2633 2013 151 Comꝑeat magr̃ Nicolaus de Cuilliaco depositurꝰ sup consueⁿᵉ

662 2745 2017 131 ᵃllegata per illos ħitatores de uilla Iudea qui dicũt nõ tend in

678 2841 2020 154 grano se droitura petit᷑ ab officiar̃ matutinar̃ desi domos

681 2931 925 179 suas si non fiat ignis in eis
