2790 3708
306 346 1704 200 Venrĩs ante dmĩcam feˢᵗᵘ nat̃ dñi. Anno luiiᵈᵒ. Cap̃ dñis

145 568 442 151 Ste. Decano

136 698 460 157 Tho. Cãtore

151 806 483 154 .I. Succentore

179 914 492 133 Gri. Cãcellar̃

179 1038 467 148 heł penitẽciar̃

191 1161 455 124 G. de Lumbr̃

204 1266 485 146 Guid̃ Coquatricis

216 1393 489 133 Guidone floris

179 1492 489 120 Almar̃ de Ronyᶜᵒ

201 1606 482 121 Iuł de muris

179 1718 523 105 B̾. de Chanaco

170 1810 460 145 .P. de Pacỹaco

173 1921 516 174 P. Arcħ Brie

801 596 1726 154 Concessum est officiũ sergant̾ie uacantis martino barrñ

810 716 1642 155 fourmag̾io pro xxuiii. franc̃ auri quos ał obtulerat

807 828 380 123 Et iurauit

801 1032 1679 145 Dm̃s Ioħ Lestormỹ pb̃r uicarius sancti Dyoñ de carcẽ in ecc̃a

810 1143 1673 133 par̃ emendauit de eo ꝙ exp̃sse et contuãciter ex rebellione

810 1239 1652 151 absentau̾at se a suo bñficio cui tenet᷑ ad resid personał

822 1334 1606 146 Et de eo ꝙ similiter recusau̾at cappã ꝓ officio in eccła

828 1436 1646 133 par̃ de dicendo cũ alio sicut cernus Et de eo ꝙ ꝙͣmuis

822 1532 1643 130 predie premissa cõfessus et monitus ꝙ emendaret recu

835 1631 1719 148 sauit ⟦ex⟧ facere ħ exp̃sse. Et fuit p̃pea excõicatus ⁊ fuit

832 1727 1639 136 Ordinatum ⟦est⟧ ꝙ fiat eius absolucio in qua cõtinebunt᷑

850 1816 1565 136 facta sua et publicabunt᷑ in eius p̃ncia infra chorũ

847 1915 1593 127 et soluet nichiloꝰ decem francos conuertendos in reparacõn

847 2008 433 136 uitrar̃ capłi

2223 244 41 120 .u.

2304 296 139 136 329.

467 2404 1964 145 Ueneris post Natale fuerunt dispersi dm̃ capłando nam quid fuerunt

470 2505 1961 96 in domo et capło domus dei quod fuit illa die. nõnulli in capło magno. Et

460 2577 1968 114 aliqui alii uidełi domini Ste. Decanus Gir. Cancellariꝰ Ioħ galli. et Nico.

457 2654 1943 130 de Arceiis et cũ eis fuit magr̃ G. Chalop. in reuestiario. facieñ colloẽm

819 2731 71 46 coꝵ

470 2731 813 179 suꝑ facto Can stĩ Benedicti.
