2500 1820
354 266 61 61 cc iiii

420 263 356 52 De helisabeth de landa barichun.

358 313 31 33 ccu

420.0 300.0 309.0 52.0 De hamelina filia galandi.

351 345 60 52 ccui

427 330 434 56 De ħueo d̃ fonte oet. iboschagia sorere eiꝰ.

429 373 202 42 De ioħe de cella.

763 370 62 41 Iron.

351 377 58 59 ccuii

354 423 67 47 ccuiii

432 395 428 61 De Rob̃to de balorcio de bosco de per

353 461 73 57 ccuiiii

438 445 129 61 De baterio.

758.0 450.0 66.0 44.0 eius.

350 500 44 47 ccx

441.0 484.0 430.0 54.0 De guillermo buor. & a alex matre

353 535 45 44 ccxi

427 520 331 56 De pagano buxum. cc xiii

353 565 58 50 ccxii

443.0 562.0 180.0 47.0 De ioħe doe.

685.0 563.0 140.0 38.0 De guenier.

354 610 76 32 ccxiiii

441.0 592.0 408.0 53.0 De alemanno ⁊ haimerico ferrũ.

356 634 77 50 ccxiiᵛii

443.0 626.0 324.0 54.0 De gaufrido dño poenceii.

550 661 41 26 ne

364 683 73 41 ccxui

442 664 328 56 De hugo de ampugneio.

372 719 59 39 ccxuii

447 703 161 49 De scõ auito.

693.0 702.0 94.0 40.0 ureio.

368 738 79 53 ccxuiii

464.0 730.0 385.0 48.0 De guenol barre. & de matħo de li

643 761 71 33 ccxx.

377 780 72 44 ccxuiiii

477.0 762.0 387.0 57.0 De petro billũ. De patricio capreolo.

380 802 70 65 ccxxi

461 799 241 59 De aleman. & guenier.

379 846 60 56 cxxii.

466.0 842.0 251.0 54.0 De guillermo griferii.

1389 236 702 84 HE SUNT NOTICIE ECCłIE

1398 289 525 61 SC̃E MARIE DE ROTA

1509 326 582 56 um diuina pietas cotidie nos admonet dicens. date ele

1500.0 367.0 588.0 49.0 mosinam. et omnia munda sunt uobis. facite uobis

1383.0 401.0 696.0 59.0 amicos de mammona iniquitatis. ut cum defeceritis recipi

1388.0 442.0 704.0 57.0 ant uos in eterna tabernacła. idcirco ego Raginaldus roberti

1396.0 480.0 698.0 55.0 burgundi fibius. ꝓͦ dei om̃ipotentis amore. & pro retributione

1396.0 513.0 680.0 58.0 anime mee. ut pius dñs eriꝑe me dignetur a ꝑpetua morte.

1394.0 553.0 693.0 51.0 et pro anima patris ac matris. necnon & uxoris mee. quoddã

1393.0 585.0 676.0 55.0 boscum meum credonensi castro ꝓximum. ad edificandã ibi

1394.0 622.0 694.0 54.0 eccłiam beate et głose uirginis marie de iure meo inius canoni

1391.0 657.0 708.0 56.0 corũ sub beati augustini regula in eadem eccłia degentiũ ꝑpe

1387.0 693.0 709.0 50.0 tuo transfundo. ita solidum & a consuetudinibꝰ omnibꝰ excep

1388.0 728.0 685.0 42.0 tum. qualiter a fulcone andegauensi comite iuniori solidum ⁊

1388 758 685 42 quietum illud usq inp̃sentẽ diemntenui: ꝯteneo. ea siquidem

1386.0 793.0 692.0 46.0 conditione ut nullus alius ordo intra presatam eccłiam auc in pre

1387.0 827.0 691.0 48.0 senti aut in futuro preter canonicorum canonice illic habitanti

1384.0 869.0 692.0 45.0 um admittatur. Ut autem hoc donum meum inuiolabilem ob

1384.0 904.0 688.0 48.0 tineat firmitatẽ. notum fatio p̃sentibꝰ et posteris meis bane in

1386.0 943.0 680.0 47.0 uesticionem andegauis factam esse supͣdicte eccłie. & eiusdem

1386.0 976.0 678.0 51.0 loci frĩbus in camera et in domini Gaufridi ep̃i p̃sentia. uidente et

1385.0 1011.0 662.0 49.0 concedente. Mauricio .qr. heurĩco ⁊ Roberto. filiis meis. Et ut

1385.0 1047.0 682.0 49.0 hec donatio ratio qr inuiolabilis ꝑpetuo subsistat: manu ꝓpria

1385.0 1079.0 687.0 47.0 subter scripsi. Data andeganis ⟦.iiͦi.⟧ idꝰ februarui. in crastino dedi.

1384.0 1114.0 679.0 51.0 cationis basilice beati nicholai. In nomine dñi. Ego hugo

1386.0 1149.0 680.0 53.0 lugdunensis archiẽpe subscripsi. Signum Raginaldi cre

1386.0 1184.0 679.0 52.0 donensis. Ego Gaufridꝰ andegauensis ep̃e. rogatus concessi. Sig

1380.0 1217.0 681.0 52.0 num. Amati. Ego amatus grã dei bundegalensis archiep̃s

1384.0 1251.0 695.0 54.0 qr sc̃e Romane eccłie legatus laudo & confirmo. Signum

1390.0 1282.0 698.0 52.0 Iuonis carnotensis ep̃i. Signum hoelli sc̃e cenomannen

1393.0 1314.0 691.0 70.0 sis eccłie ep̃i. Ego Gualt̃ gra ̃dci albanensis eccłie ep̃s. suo
