2500 1820
447.0 278.0 683.0 66.0 scripsi. Signum Guarnerii archidiaconi Concessit etiam

456.0 326.0 660.0 56.0 Raginaldus credonensis. & mauritius filius eius supͣdicte

447.0 359.0 685.0 61.0 eccłie ⁊ loci fri̾bꝰ. quicquid de feuͩo suo in quocunq loco ampliꝰ

454.0 395.0 677.0 58.0 emerint. seu quicquid eidem eccłie attribuetur de rebus ad sitũ

452.0 429.0 680.0 62.0 dominium ꝑtinentibꝰ. teste Matheo suhardi filio. & Radul

447 462 684 67 fo de pochoneria hominibꝰ suis. Facta igitur hac concessio

457.0 510.0 665.0 53.0 ne. a Raginaldo credonensi: firmata est hec carta in suꝑiori

458.0 548.0 656.0 52.0 camera gaufridi andegauensis ep̃i iunioris. ꝑ impositionem

1046 571 41 26 pͥdie

457.0 579.0 663.0 58.0 manus Urbani scd̃i pape. & ꝑ beati petri auctoritatẽ .II. idꝰ.

460.0 615.0 663.0 54.0 febroariĩ. in pͥmo anno ordinationis Gaufridi iunioris ep̃i.

454.0 653.0 682.0 54.0 in nono ordinationis Urbani p̃dicti pape: ipso Gaufrido iu

462.0 688.0 682.0 50.0 niori ep̃o uidente & laudante. laudante ep̃o signensi. Teuthi

458.0 719.0 679.0 52.0 one. Alberto. Rangerio cardinalibꝰ uidentibꝰ & laudantibus.

467.0 752.0 655.0 55.0 Affuerunt etiam de cłicis pape. Emorrandꝰ de seissuns. Milo

468.0 786.0 674.0 54.0 scĩ albini monacus. De cłicis andegauensis ep̃i. Willelmus

471.0 821.0 685.0 51.0 de scõ laudo. Groffridꝰ Widoniᷤ filius. De cłicis ĩn p̃fata eccłia

470.0 857.0 660.0 58.0 sub regula degentibꝰ. Rob̃tus. & quintinus. ⁊ duo ħuei. et

470.0 890.0 646.0 62.0 alii duo. Signum aldeberti primatis bituricensis.

474.0 924.0 673.0 64.0 Ego Wido grã dei uiennensiũ archiep̃s subscripsi. Ego

473.0 961.0 680.0 63.0 Geraldꝰ morinoꝵ ep̃s subcripsi. ⟦Ego Renerius⟧. Signum

478.0 997.0 684.0 56.0 Renerii canonici malleonensis. Ego Rangerius cardi

476 1031 696 61 nalis subscripsi. Signum. Fulconis andegauen

478.0 1071.0 665.0 55.0 sis comitis. His audientibꝰ Clarembaldo de rupe forti. et

478.0 1101.0 677.0 62.0 Iheronimo fre̾ eius. & Gofrido fulcredo. ⁊ hugone de poce

479.0 1136.0 670.0 57.0 io. Hec scd̃a sanctio facta est. turonensi concilio. apłico

908 1164 41 26 nio

479.0 1170.0 671.0 56.0 uiro missam deuotissime celebrante ⟦.xii.⟧ ⟦hł⟧ aprilis. Luna

945 1201 154 33 nonagesimo sexto

476.0 1215.0 527.0 47.0 existente uigesima scd̃a. Anno millesimo ⟦.x.⟧

1028 1211 132 43 ui. incar

477.0 1245.0 678.0 54.0 nati uerbi. Philippo rege francoꝵ imꝑium tenente. Sig

476.0 1279.0 682.0 47.0 num. magistri mainegaudi. Signum Guillelmi

476.0 1313.0 693.0 52.0 electi declaro monte. Signum Raginaldi andegauen

480.0 1350.0 644.0 65.0 sis iunioris ep̃i. Radulfi archiep̃i turonensis.

1134 386 123 61 datũ anno

1133 435 123 32 dm̃. muł

1143 461 103 48 ⁊.iiͯiͯi .⁊. iii.

1139 492 109 38 datum anno

1142 511 121 50 domini millesimo

1322 304 44 63 .ii.

1497 298 519 53 diuisio parrochie nostre..

1496.0 333.0 588.0 59.0 enedictionem cimiterii nr̃i. et consecrationẽ altaris pͥmi

1489.0 365.0 592.0 65.0 quod in hoc heremo habuimus. quo tempore uel quo

1425 398 676 69 pontifice. quibꝰue auctoribꝰ facte sint: ne posteros lateat. eorum

1424 430 678 65 notitiam his litteris intimamus. Scd̃o itaq anno dedicationis

1421.0 476.0 676.0 66.0 eccłie scĩ Nicholai andegauensis abbatie. quam domnus papa

1420.0 516.0 687.0 61.0 urbanus cum magna parte romani senatus manu ꝓpria con

1418.0 550.0 670.0 61.0 secrauit: domnꝰ Ioffredus qui cognominat᷑ de meduana an

1416.0 588.0 665.0 60.0 degauorum magne nobilitatis ep̃s. a senioribꝰ locĩ nr̃i. id est a

1412.0 621.0 669.0 59.0 domno Raginaldo allobroge ⁊ a filiis eius. insuꝑ a patribꝰ nr̃is

1412.0 661.0 676.0 56.0 Rob̃to scł de abrisel. atq a quintino exoratus: locum nr̃m cũ

1411.0 695.0 674.0 59.0 quadam parte ꝑsonarum eccłie sc̃i mauricũ uisitare dignatꝰ est.

1409.0 730.0 667.0 54.0 uenerunt enim cum eo Guarneriꝰ archidiaconꝰ. Ioffredus filius

1411.0 767.0 659.0 45.0 guidonis guinemer. Iubellus capellanꝰ. Albericus capellanus.

1408.0 796.0 690.0 52.0 et alii plures. quos enumerare ꝑ longum ẽ. Ad cuius aduentum

1411.0 829.0 686.0 54.0 om̃s fere popłi adiacentium parrochiarum cum prb̃is suis tũ

1407.0 867.0 690.0 56.0 ꝓpter spemueniȩ quam sibi ab ep̃o donariut fieri solet ad dedi

1404.0 915.0 695.0 47.0 cationem cupiebant. tum etiam causa uidendi nouitatem loci nr̃i

1409.0 952.0 674.0 43.0 et fr̃m nro̾rum religionẽ cuius fama iam ad eos usq & ad mul

1409.0 987.0 674.0 45.0 tos ꝑuenerat uelociter occurrerunt. Adfuerunt etiam barones

1408.0 1020.0 686.0 45.0 totius uicinie. Rainaldꝰ uidelicet allobros. in pͥmis. Andreas de

1409.0 1052.0 674.0 49.0 uitreio. Guilłmꝰ de guirchia. Gautiꝰ hai cum uauassoribꝰ suis.

1409.0 1087.0 681.0 49.0 Quibꝰ omnibꝰ adunatis: antequam ep̃c benedicere cimiterium

1410.0 1125.0 683.0 41.0 inciꝑet inquisiuit ã dño .R. allobroge utrum eẽnt aliqui habi

1407.0 1159.0 688.0 41.0 tantes circa nos in foresta. qui possent libere ẽe parrochiani huiꝰ

1411.0 1190.0 683.0 41.0 cimiterii quod benedicere uolebat. Tunc .R. allobros habito consi

1411.0 1222.0 683.0 45.0 lio cum filiis suis. et pͥuatis hominibꝰ designauit nobis parro

1412.0 1260.0 685.0 45.0 chiam. quotqͦt erant inhabitantes uel inhabitaturi erant in tota

1414.0 1296.0 669.0 46.0 illa foresta que continetꝰ infra callem qui dicitur groletum. et

1415.0 1327.0 658.0 50.0 aquam que usura nuncupatur. Quibꝰ auditis. ep̃s alloquens

1419.0 1360.0 651.0 62.0 subinde presbiteros totius uicinie qui aderant. quesiuit ab eis
