2500 1820
430.0 277.0 683.0 47.0 utrum esset aliquis ⟦exeis⟧ eorum qui calumpniaretur quicquã.

432.0 305.0 677.0 52.0 in hac parrochia quam nouam nobis facere uolebat. Sed nemo

433.0 339.0 684.0 60.0 eorum gratia dei calumpniatus est quicꝗͣ. immo om̃s ad plauden

434.0 375.0 672.0 56.0 tes consensum p̃buerunt ut faceret. Benedixit gͥ ep̃s cimiteriũ

437.0 410.0 684.0 60.0 nr̃m et consecrauit altare in honorem gloriosissime uirginis ma

436.0 453.0 665.0 55.0 ne. necnon et scĩ ioħis euangłiste ministri eius. Et postea fecit

440.0 492.0 678.0 54.0 nobis indictionẽ p̃cipiens prb̃is tocius creonie ut locum nr̃m an

440.0 530.0 683.0 52.0 nuatim uisitarent cum ꝓcessionib suis. Hec itaq facta sunt .vii.

431.0 568.0 693.0 50.0 Hł mai. in letania maiore. Philippo rege tenente francie imꝑuĩ.

442.0 601.0 677.0 46.0 beato papa urbano romane dignitatis cathedram obtinente. or

444.0 635.0 677.0 53.0 dinante dño nr̃o ihu xp̃o. cui est honor & głia cum patre & sp̃u

441 667 686 57 scõ in scła seculorum. a N His ita expletis: domnꝰ

447.0 705.0 682.0 52.0 Robertus de abrisel ꝑrexit andecauim una cum sociis suis ui

447.0 743.0 668.0 45.0 delicet quintino atq herueo de sca̾ trinitate. ibiq in p̃sentia

441.0 779.0 679.0 38.0 domni Ioffredi ep̃i & totius capituli scĩ mauricii constitutum

1060 800 48 26 tres

444.0 807.0 661.0 49.0 fuit. ut eccłia nr̃a sue matri eccłie pro sinodo et circheia .iii.

444.0 842.0 695.0 52.0 solidos redderet quia parua erat parrochia. quando alie matres

444.0 887.0 675.0 48.0 eccłie quatuor solidos redderent. Aliter enim non posset hab̃e

444.0 927.0 605.0 45.0 eccłias supͣ se ⁊ ꝓcessionẽ in uno quoq anno redderet

445 955 489 46 De sacerdote de Balorcio

524.0 996.0 587.0 46.0 ulli sc̃e religionis latere uolumus quod andreas sacerdos

484.0 1031.0 629.0 44.0 de balorcio ꝑ inuasionẽ gosceam uxorem buordi inhuma

432 1063 692 50 uit. Unde albinus abbas conquestus est Reginaldo andegauen

432 1098 698 47 si ep̃o. ⁊ Richaldo archidiacono. om̃iq capitulo sci̾ mauricii. qui

439.0 1133.0 684.0 45.0 uero iniuriam sce̾ marie de rota eccłie ferre uolentes: in p̃sen

436.0 1168.0 682.0 45.0 tiam suam supͣdictum p̃sbiterum aubericũq canonicũ sc̃i Ni

438.0 1201.0 675.0 45.0 cholai et teobaudum leta ut uenire fecerunt: Tunc albinus et

437.0 1234.0 665.0 50.0 qui cum eo erant querimoniam suam ꝓferentes. et cartam in

441.0 1270.0 680.0 46.0 qua scriptum est erat quomͦ gaufridꝰ andegauensis ep̃c eccłiam

441.0 1302.0 673.0 49.0 de bosco fundauerat: ostendentes iustitiam inquirebant. Tunc

440.0 1336.0 665.0 59.0 supͣdictus raginaldꝰ ep̃c: auditis ex utraq parte causis iudices

1408.0 256.0 650.0 44.0 scilicet domnum Richardum archidiaconũ. et magistrũ ulgeriũ.

1408.0 290.0 648.0 46.0 et albericum cantorem cum aliis płibus in capitulũ misit qui ibi

1481.0 325.0 582.0 50.0 diiudicantes dixerunt ut eccłie sce̾ marie de bosco & cano

1408.0 361.0 647.0 49.0 nicis redderetur qͥcquid andreas sacerdos ꝓ humatione corporis

1409.0 399.0 656.0 51.0 acceꝑat. Parrochie uͦ ita tenerent᷑: sicut Joffredꝰ ep̃c ⁊ Raginaldꝰ

1409.0 443.0 655.0 44.0 allobros. ⁊ alii ꝓceres qͥ in benedictione cimiterii ad fuerant: con

1408.0 486.0 654.0 38.0 firmauerunt. Hoc audiuit teobaudus letaut. ⁊ albericus cano

1411.0 513.0 653.0 45.0 nicus. ⁊ andreas sacerdos qui denarios reddidit. Et ex nr̃a par

1409.0 544.0 529.0 48.0 te. Albinus abb̃. ⁊ Gauteriꝰ paruus ⁊ alii plures..

1415 579 639 53 Cartula: concordie canonicorum: sc̃e marie cum: ca

1412 611 290 59 nonicis sc̃i nicholai..

1476 653 582 55 niuersis sce̾ eccłie catholicis cultoribꝰ presentibꝰ uidelicet ac

1468 694 587 46 posteris notam eẽ uolumtis concordiam quam fecimꝰ cum

1404 729 663 44 canonicis scĩ Nicholai credonensis eccłie de decima nr̃e terre quam

1410.0 761.0 655.0 41.0 ex dono domni Iaᷠginaldi burgundi suam antiquitꝰ eẽ dicebant.

1403 790 661 51 Domnus uͦ Raginaldꝰ burgundꝰ primus fundator loci nr̃i terrã

1412.0 836.0 665.0 44.0 illam scilicet .vii. masuras cum om̃ibꝰ exitibus suis ita quietam

1409.0 870.0 668.0 46.0 nobis ac solutam ab omni consuetudine dederat concedentibus

1410 906 692 49 tribus filiis suis. Mauritio scilicet hainrico Ac Roberto: sicut ipse

1406.0 947.0 681.0 49.0 eam a fulcone andecauorum comite. ꝓpriam ac liberam tenebat.

1410 984 663 47 Et ut hoc donum inuiolabile in eternum ꝑmaneret: confirma

1412.0 1018.0 659.0 54.0 ri fecit andecauis. in p̃sentia totius fere romane eccłie senatus

1415.0 1050.0 661.0 59.0 uidelicet coram domno urbano uenerabili papa. & Hugone

1415.0 1085.0 662.0 57.0 lugdunensi ⁊ Amato burdegalensi archiep̃is Laudante et

1415.0 1123.0 665.0 52.0 concedente domno Gaufrido andegauensiũ iuniori ep̃o cum

1417.0 1156.0 657.0 50.0 omni eccłia sci̾ Mauritii uidentibꝰ etiam ⁊ laudantibꝰ quibꝰdã

1416.0 1190.0 655.0 58.0 romanorum cardinaliũ theuthione. Alb̃to. rangerio. ⁊ płibꝰ

1417.0 1226.0 674.0 57.0 aliis quos suꝑiori carta nominauimus. Et quia tam auctori

1418.0 1260.0 686.0 56.0 tabiliter facta nobis fuerat illa donatio absq om̃i calumpnia:

1420.0 1293.0 669.0 55.0 ob hoc illius nr̃e terre decimam ⁊ om̃s exitus quasi ꝓpria nr̃a

1421.0 1331.0 659.0 70.0 retinentes eam canonicis scĩ Nicholai reddere nullatenus

1316 655 53 48 .iiii

2110 573 63 68 iiii.
