5051 3456
677 241 1838 182 Anno predt̃o Die ueneris xxuiiiᵃ Iunii quarta capłi gen̾alis p̃ntibus dñis capłan

596 397 242 78 P. decano

573 414 302 110 h. Cantore.

639 492 274 89 G. Archid̃ Eccẽ

619 558 455 115 P. Archid̃ brie infirmo

605 619 268 83 Sy. succent̾.

622 688 259 83 I. de pompad̃

625 748 250 84 G. de ueraco

610 797 254 95 l. de mõg̾ia

558 852 291 95 I. de karolay

582 912 207 110 P. p̃positi

547 961 173 93 I. hue

587 1031 185 126 P. forteti

593 1074 288 103 R. de putheolis

582 1154 253 81 I. de bordis

582 1215 305 78 T. de sc̃o petro

587 1275 297 78 N. chaudart

584 1330 297 92 N. de ordeomõte

596 1382 173 86 I. uoignon

590 1445 153 90 Ia. cosson

590 1506 167 78 T. hocie

587 1560 165 81 G. fedelli

582 1609 253 93 Ph. salioñ.

590 1687 162 75 I. de soco

564 1707 320 98 l. de maignaco

576 1776 435 119 r. de lorriaco ꝓ p̃señ.

558 1825 251 107 P. de castrũ ius

1166 400 1363 147 Deliberatũ est ꝙ Guilłus aufert celebret de cet̾o missas Reg̾

1178 498 1291 124 ad altare sc̃i Sebastiani loco dñi Ioħis la buffe inde amoti

1172 596 1360 149 Ordinatũ et statutũ est ꝙ a modo fiant distribucões in eccã

1195 694 1320 118 Sc̃i mederici par̃ modo ⁊ forma contentꝭ in lr̃is ordinacõis

1201 783 1060 106 ⁊ statuti p̃dictoꝵ in ultĩo folio p̃ntis libri sc̾ptꝭ

1172 912 1337 165 Hodie mag̃r Ioħes de pompedorio sũmauit mag̃rm Guillẽm fedelli

1189 1019 1294 135 de faciendo fieri reparacões in Yteuilla ꝓut ad ħ tenetur

1172 1157 1349 141 mag̃r N. de ordeomonte hodie tradidit xxu lb̃ p̃ que fuit

1192 1244 1320 138 sibi tradite in custodia de preᵈᵃ. foranea q̃ nũc est mag̃ri Ro

1195 1310 1187 144 berti de dangello q̃ peẽe fuit distribut̃ int̾ dños capłi

1175 1425 1331 135 Ordinatũ est ꝙ chassa antiqua que est in thesauro pona

1184 1514 1123 124 tur in uno coffro et ꝯseruetur ibid̃ in ip̃o coffro

1135 1635 1389 147 Uiso aporto mag̃ri Remondi de templo lathomi iurati eu

1172 1751 1331 100 par̃ continẽte ꝙ reparacões duoꝵ molendinoꝵ prebendar̃

1178 1805 1337 113 rosayo olim taxate ad .xl. ł xiiii. s uidel die iouis uł

1166 1869 1349 129 Augusti Anni milłi CCCᵐⁱ nonag̃ pͥmi. fuerunt bene ⁊ de

1178 1941 1325 135 facte et ꝑfecte Capłm Quictauit dt̃os p̃bendar̃ ⁊c̃ de d

1152 2039 403 135 reparacõib ⁊c̃

2832 273 1948 147 Anno predt̃o Die Lune post festũ sc̃oꝵ petri ⁊ pauli apłoꝵ Quĩcta et ultima

2826 374 1807 124 Die Capłi gen̾alis prima mensis iulii p̃ntibus dñis Capitulañ

2771 529 193 84 h. Cant̾

2812 466 247 98 P. decano

2809 581 328 92 G. Archid̃ eccẽ

2780 639 484 92 P. Archid̃ brie Infirmo

2774 699 285 93 Sy. Succent̾

2783 760 294 83 I. de pomped̃

2768 815 303 74 N. chaudart

2771 875 329 89 Ar. Iausẜandi

2774 936 314 92 B. de thierno

2763 999 236 75 P. forteti

2774 1054 280 95 l. de mong̾ia

2754 1108 205 104 P. p̃positi

2789 1189 103 72 I. hue

2760 1221 311 92 R. de putheolis

2789 1287 216 83 I. de bordis

2760 1359 291 69 P. cancellario

2771 1405 306 75 T. de sc̃o petro

2783 1463 317 74 N. de ordeomõte

2786 1512 245 80 Ph. de salioñ

2774 1566 199 90 G. fedelli

2777 1630 352 69 I. de guignicurte

2777 1681 355 87 l. de maignaco

2766 1730 475 113 r. de lorriaco ꝓ p̃ẜ

2760 1779 360 153 I. de soco ꝓ p̃señ.

3907 83 322 144 nonagᵐᵒ scd̃o

3264 72 412 155 Iulius

3388 538 1331 150 Raouletus haye iurauit exerc̾e officiũ ẜgenterie de

3454 648 1274 112 Uernoto / et fuit factus ẜuiens ibid̃ ⁊ fuit Institutus

3434 722 1346 142 ꝓcurat̾ ad regendum hospiciũ loco deffũcti gileti blõdeau

3440 959 1325 175 Iurauit ille qui ordinatus est ꝓ organis in foraͫ ꝯsueta

3402 1091 1369 141 Dñs laurẽtius Pocouleti receptus est uicarius

3448 1169 1332 115 Sc̃i mederici pro mᵒ Guilło Brunelli canᶜᵒ sc̃i mederici

3480 1238 1207 135 Et fuit installatus in eccłiis par̃ ⁊ sc̃i mederici

4667 89 58 152 3
