5051 3456
561 218 1977 185 Anno p̃dicto die Iouis in festo translac̃ bt̃i martinii iiiiͣ mensi Iulii uenˡᵘᷤᷤ ⁊ circũsp

616 319 1916 164 uir mag̃r hugo Blancheti cantor eccẽ pariẜ et nõnulli alii canᶜͥ pariẜ post decant̃

616 380 1916 175 misse ꝓcessionalis ꝑ eos decantꝭ in Eccã sc̃i martinii de campis par̃ unacũ religiosis

610 457 1911 179 loci ut est moris uenientes ad locũ capłi dt̃i loci pecierũt ꝑ organũ dc̃i dñi cantꝭ a

625 509 1907 216 dompno Ioħe subp̃ore dc̃i loci ibid̃ reꝑto cũ plurib monachis ip̃ius loci si essent ibid̃

633 596 1902 213 aliqui religiosi p̃sioñ ut restitꝭ eisd̃ ut erat rõnis / qui quid̃ subp̃or rꝭndit ꝑ suum

628 673 1910 193 iurᵐ ꝙ nulli erãt ⁊ ꝙ si essẽt aliqui fie̾t dc̃is dñis ꝙd debe̾t fieri quo ad dc̃um

573 743 1959 216 p̃señ ad ħ dño Alm̾rico charrete cappⁿͦ in Eccã sc̃i thome de lupꝑa par̃ Ioħꝰ piefroy dc̃o

628 823 1893 216 chalemanine port̾io p̃dcoꝵ dñoꝵ capłi ⁊ dõpnis Guidone de molinis ac petro brũ

619 927 1412 193 religioẜ dc̃i loci cũ nonullis aliis tesꝭ ⁊ me G. Symonel

772 86 458 135 S. Martinꝰ.

576 1123 1357 204 Anno p̾dicto die uen̾is quĩta iulii p̾ẜ dñis capitulañ.

645 1293 228 49 P. decano

645 1324 193 101 H. Cant̾

645 1376 363 118 G. Archid̃ Eccłie

639 1463 323 89 P. Archid̃ brie

642 1532 251 77 Sy. succent̾

622 1581 285 83 I. de pompad̃

633 1641 268 95 I. de karolay

625 1702 210 86 N. chaud̃

622 1759 213 92 P. forteti

636 1820 265 77 R. de lorriaco

619 1874 193 98 P. p̃positi

625 1932 216 104 An. grang̾ii

599 1998 320 87 R. de putheolis

607 2070 234 92 I. de bordis

622 2139 153 78 I. de sc̃is

596 2188 317 90 N. de ordeomoñ

596 2237 311 113 T. de sc̃o petro

613 2306 225 90 Ph. de salioñ

602 2364 193 89 G. fedelli

596 2419 323 103 I. de guignicurte

550 2494 372 77 L. de maignaco

521 2551 380 113 L. de mong̾ia

556 2606 181 92 I. de Soco

550 2649 219 133 I. uoignon

556 2724 115 81 I. hue

573 2784 179 107 P. de castro

1146 1281 1337 167 A La Requeste de mesẜe Guillaume de Saint Remy

1181 1391 1328 141 messeigñrs ont este adiournez ꝑ Iehan le bigois a demaĩ

1189 1483 608 129 deuant le p̃uost de par̃

1172 1592 1311 138 Ad Supplicacõem pͥoris sc̃i Dyonisii de Carce̾ par̃

1218 1696 1251 118 asẜentis ꝙ non ħt ad pñs monachos ꝑ quos possit

1207 1774 1302 115 facere fieri ebdomadam suã in eccłia par̃ eidem pͥori

1181 1857 1337 112 ꝓ hac uice dũtaxat de grã spãli conceditur sine p̃iudicio

1192 1929 1311 121 ꝙ ꝑ unũ de uicariis eccłie par̃ possit face̾ fieri dtãri eb

1204 2010 1005 118 domadam suã mediante salario competente

1184 2134 1325 144 Colin cheuecier ẜgent a cheual a Intime a messeigñrs

1198 2232 1305 129 larrest quil a fait des bñs dun hõme serf de monẜ de la Riuiere

1192 2304 1306 126 qui demouroit en la uille dorli quãt il uiuoit / et messeigñrs

1201 2370 1314 147 si si sont opposes a toutes fins et a este assigne iour dop

1187 2453 1273 115 A de m̾credi en uiii iours deuant le p̃uost de paris

1192 2525 1306 127 maistre Iehan de karolay p̃uost p̃uend̃ doit faire la poursuite

2682 239 161 138 cũ cła ꝙ

2872 224 1899 127 canᵗᵘᷤᷤ ⁊ prebeñ ac dignitas in ead̃ eccłia pro unico bñficio ꝯputꝭ / et alia sequeñ

2800 311 1951 126 Aut si aliqui suꝑ ꝓuiẜ sibi faciend̃ de hiõi uel aliis bñficiis eccͥͥᷤᷤ in illis ꝑtib spãles

2829 388 1939 113 uel gen̾ales apᶜͤ sedis uel legat̃ eius lr̃as impetrarint eciã si ꝑ eas ad inibicõem

2803 469 1988 115 reẜuacõem et decretũ uel ał quoniͦl sit ꝓcessum quibus omĩbus etiã auct̃e nr̃a p̃tqͣ

2803 544 962 118 aliis eiusd̃ romane eccłie cardinał ⁊c̃

2800 812 2043 221 Anno p̾dt̃o die sabb̃i in octauis apłoꝵ petri ⁊ pauli ui menẜ iulii in reuestia

2800 976 2075 124 rio eccłie par̃ ubi erãt congregati dñi P. decanꝰ h. cantor G. archid̃ eccẽ Sy. succẽtor

2803 1051 2072 118 et plures alii canᶜͥ par̃ Ad tractand̃ de eoꝵ negociis dt̃i dñi deliberau̾unt ⁊ ordinau̾unt

2780 1120 2060 141 ꝙ fiat forũ ꝓ parte ip̃oꝵ cũ Iobonno eoꝵ bolengerio facieñ panem capłi uidełt ꝙ

2777 1203 1596 165 ħeat ꝓ quołt sext̾io frumenti unum francũ auri seu eius ualorẽ

893 2733 1610 126 Mag̃r Andreas grãgerii Canᵗᵘᷤᷤ par̃ ꝓcur̃ ꝓcurĩo noĩe ⁊ pro ꝑte dii

887 2802 1625 124 Cardinał Anicieñ p̃ntauit intimauit et insinuauit grãm apłicam

898 2862 1611 115 factã ipĩ dño card̃ de bñficio eccᶜͦ uacãte uel uacaturo in eccã uel ciuitate

919 2920 1576 129 par̃ et de uno alio in dioc̃ par̃ eciã si dignitas ꝑsonatꝰ uel officiũ ex

898 2983 1591 127 et curã ħeat aĩaꝵ dũtam̃ nõ sit maior digᵗͣᷤᷤ post pontific̃ in cathedrali

913 3047 1567 129 uel pͥncipalior in colleg̃ dũtãm nõ sit parroˡͥᷤᷤ eccã Sub dat̃ Auinioñ

890 3110 1527 158 Idus Ianuarii pontific̃ dñi nrĩ pape clementis Anno xiiiiͦ

3587 66 190 106 Iullius

4163 69 285 126 noͣgᵐͦᵇ sc̃do

4558 95 43 97 U

4719 103 89 133 ⁴ꝰ
