5051 3456
412 115 69 118 10

570 167 1735 204 Anno p̾dicto die lune post octavas apłoꝵ p. ⁊ p. viͣii julii p̃ẜ dñis cap̃

619 328 262 115 P. decano

639 423 398 101 G. Archid̃ Eccłie

625 475 559 135 P. Archid̃ brie infirmo

613 561 323 95 Sy. succent̾.

613 622 317 103 J. de pomped̃

605 688 273 92 P. Roberti

625 748 334 92 B. de thierno

613 803 334 115 J. de karolay

619 878 239 83 P. forteti

616 936 294 103 L. de mong̾ia

625 1002 199 106 P. p̃positi

605 1054 357 106 R. de putheolis

556 1126 325 83 J. de bordis.

593 1192 386 83 N. de ordeomõte

607 1261 208 81 G. fedelli

622 1327 101 92 J. hue

561 1339 320 135 J. chantep̾me

550 1440 190 89 T. hocie

547 1512 403 74 J. de guignicurte

541 1566 329 104 Pħ. de salioñ

556 1641 245 89 J. voignon

573 1687 487 104 N. chaudart infirmo

570 1759 375 92 L. de maignaco

558 1825 361 93 T. de sc̃o petro

558 1883 433 118 R. de lorriaco ꝓ p̃ẜ

550 1958 343 130 J. de soco ꝓ p̃ẜ

507 2039 296 123 P. de castro

1322 429 1179 132 Deliberatũ est ꝙ redditus quod dñs Guilłus

1383 527 1103 103 de lorriaco capellanꝰ in eccłia par̃ recipit

1383 601 1129 119 in ⁊ suꝑ quad̃ domo sita par̃ in vico Joculatoꝵ

1391 679 1098 113 olim arrestatũ ꝓ parte capłi / Audita relaõe

1408 760 1095 118 magrĩ Joħis chantepͥme canᶜⁱ par̃ cui ꝯmissus

1400 838 1115 95 erat ꝙ se informaret de veritꝭ ⁊ si iusta causa

1403 907 1106 103 fuit arresti ꝙ leuetur ⁊ fuit leuata dt̃a manꝰ

1385 984 1113 107 cũ non videatur capłm ħere cãm racionabilem

1394 1059 643 130 arrestandi ipõs redditus.

1377 1166 1118 138 Eciã deliberatũ fuit ꝙ ementur xxᵗⁱ  lb̃ p̃

1411 1258 1084 124 redditus A dño Blancheto braque ꝓ iiᶜ l frañ

1414 1342 1101 115 quoꝵ viginti frañ capient᷑ de pecunia nuꝑ soluta

1357 1414 1144 126 ꝓ t̾mĩo nat̃ bt̃i Joħis bapᵗᵉ ꝑ comitem bellifortis

1417 1491 1104 124 et residuũ de pecunia thesauri ⁊ ꝙ detur sibi

1403 1575 452 95 unꝰ annis rachati

1400 1632 1095 121 Consentit mag̃r P. forteti ꝙ mictat᷑ ꝑ

1411 1704 1098 124 capłm juratus eccłie apud corberosam causa

1403 1782 1106 118 videndi ⁊ taxandi reparacões ibid̃ faciend̃

1408 1863 1101 129 tam ꝑ ip̃m m̃ p. ꝙͣ ꝑ alios olim ꝯp̃bendar̃

1423 1929 83 95 ibid̃.

1359 2067 1147 165 Ludouicus de la plati̾e domicellus dñi G̾uasii

1388 2183 1118 129 de bordis militis soluit ꝓ dt̃o milite .l. fꝭ.

1397 2252 1101 126 t̾mĩo natꝭ bt̃i Joħis bapt̃ ultĩo p̃terit̃ pͥmo

2045 2352 254 38 ꝑ eũ vend̃

1397 2329 1109 150 solucõis iiᶜ lb̃ t̃ redditus soluendi iiiiᵒʳ t̾m̃ns par̃

1403 2401 472 119 consuetꝭ equalit̾

2622 230 1388 164 Anno p̾dicto die m̾curii xᵃ julii p̃señ dñis capit̃

2760 365 271 72 P. decano

2748 408 214 104 h. cant̾

2737 475 400 115 G. Archid̃ Eccẽ

2745 552 591 133 P. Archid̃ brie infirmo

2748 624 352 119 Sy. succent̾

2719 780 286 89 P. Roberti

2743 696 314 113 J. de pomped̃

2722 840 265 96 N. chaud̃

2728 901 331 104 J. de karolay

2740 979 222 115 P. forteti

2734 1045 334 92 L. de mong̾ia

2725 1108 228 121 p. p̃positi

2717 1169 351 101 R. de lorriaco

2722 1247 130 77 J. hue

2743 1307 236 86 J. de bord̃

2702 1362 438 121 N. de ordeomõte

2728 1437 337 98 B. de thierno

2731 1514 366 121 T. de sc̃o petro

2734 1586 222 87 G. dedelli

2705 1647 334 115 Pħ. de salioñ

2702 1722 309 78 J. chantepͥme

2685 1788 423 86 J. de guignicurte

2705 1848 383 90 L. de maignaco

2708 1918 403 92 J. de soco ꝓ p̃señ

2671 1984 400 106 R. de putheolis

2696 2050 283 144 P. de castro

3486 414 1328 185 Symonet a lespee sergent a verge a adiourne

3532 541 1262 124 en chastelet messeigñrs a demain en viii jours

3552 619 1251 138 pour dire la cause de leur opposicõn sur le fait

3546 708 1237 138 le lome serf de monẜ de la Riuiere q̃ demouroit

3535 789 132 80 a orli

3518 855 1247 127 Fiat lr̃a capłi garañ dño Joħi Rousselli et

3555 944 1190 112 dño Joħi grant moustier suꝑ tradic̃ ad .vi

3555 1022 1190 83 annos menutꝭ firmar̃ ꝑtineñ p̃bend̃ de

3549 1100 1231 118 Cristolio cũ inẜta forma lr̃aꝵ obligatꝭ suꝑ

3509 1157 516 190 ħ traditꝭ ꝑ firmar̃.

3806 51 452 147 Jullius noͣgᵐᵒ sc̃do

4428 80 92 127 vi

4708 97 63 81 6

4725 164 60 109 II
