4000 2614
281 440 270 56 Mos nõ uiroꝵ s ĩsantiũ

281 477 268 39 ẽ cibũ nõ posse uel nolle

278 498 260 57 nisi masticũ accipere.

569 354 617 58 sufficerent curiosis et neglientes uel onera

570 392 599 52 rent uel non satis instruerent. Descendus ẽ pa

570 422 608 48 nis se nedum materialis sed doctrine in sudore

575 455 599 48 ultus nostri. Mos iste non uirorum est. sed in

570 481 606 46 fantium non posse uel nolle cibum recipere ni

572 511 593 48 si aut premasticatum aut minutatĩ discissũ.

569 543 610 40 Uanitas quod non nullorum ex scriptoribus.

567 569 613 49 mystice notatur ab ecclesiaste. quoniam diebus

566 596 619 47 ac noctibus non cessant et sua summo labore q̃

564 630 619 48 sita dimittunt homini extraneo et ocioso qui uel

567 662 618 42 non utitur. uel in superbiam abutitur derelictis

566 689 619 44 Quid proderit oro cecis uel auersis oculis. si digi

563 715 619 44 to ut auint lux ipsa monstretur. ¶ Ceterum

567 747 619 48 si non inspicitur Augustinus in suo de doctrina

570 784 615 42 christiana. Si hugo in didascalicon. si documen

569 808 616 48 ta summatum notata ab auctore de uirtutibuᷤᷤ

569 840 611 45 et uiciis super modo docilitatis tam in doctore ꝙͣ

575 864 614 50 ut discipulo. Quid habet exiguitas presentium

570 895 613 48 sperare scriptorum ut legi modo digna putetur

570 927 610 46 ne dixerimus imitari qmͣqmͣ minus inutile sᵗ.

568 954 610 43 noua qmͣ nulla sectari dum optima queq uete

570 988 620 44 ra per negligentiam intereunt: Nunquid nõ hec

572 1020 614 37 est causa non insima cur opiniones totiens et se

569 1042 620 45 cundum Arestotelem inifinities reperiuntur ⁊ uol

570 1076 620 43 uũtur quia nimis est fastidiosum cor humanum

566 1106 619 42 quodam insaciabili pruritu noua semper appe

564 1137 625 42 tens et uetera seu que ab aliis dicta scriptaq cogno

567 1163 621 43 uerit eciam meliora fastidiens. Cur aliunde si nõ

569 1195 617 40 ex hoc tot lecturarum suꝑ sententias et alibi pre

566 1227 619 42 grandes sarcine. Nonne ideo quia quod in una

569 1257 613 38 parte alter tractauit. idem mox in alteram ab illo

566 1280 614 46 retorquet dum tritam alterius semitam pudet se

567 1309 621 48 qui et placet contentionibus intendere: ¶ Nic

562 1337 607 48 hilominus quisquis exercitationis grati uolue

559 1369 629 44 rit in hac compilatione noua que dicitur unum

564 1401 624 43 ex quattuor nouam expositionis semitam inue

564 1427 625 45 nire uel progredi uel ostendere non culpamus. Ne

566 1459 623 44 q enim paucior est spiritualium qmͣ corporaliũ

564 1491 628 41 gustuum uarietas. Et suus cuiq mos est nec uo

569 1520 627 41 to uiuitur. Alternis postremo natura gau

569 1543 620 45 det donec uenerimus ad illud unicum uerbum

569 1575 463 39 quod erat in principio apud deum.

756 1604 141 41 Uangeli

992 1581 194 71 ¶ PROLOGUS.

761 1639 271 36 cos canones compo

762 1655 423 50 suit Eusebius cesariensis in gre

762 1686 431 47 co quos hieronymus Damasi roco quos hieronymus Damasi ro

768 1720 434 47 gatu latinis tradidit. referens de

747 1742 433 52 amonio alexandrino ꝙ ediderit

569 1781 640 40 unum ex quattuor. Et ipsum se dicit Eusebius

567 1809 626 44 unitatum. Sed uicio scriptorum et propter uari

567 1839 623 40 as translationes euangeliorum. contexts illiꝰ

567 1864 623 44 amonii Hieronymo teste false sedeq laceratus

567 1899 625 44 inueniebatur. Ut igitur maneret euangeliorum

567 1928 621 45 integritas nichilominus notum fieret studiosis

569 1959 623 42 in quibus et in quibus non euangeliste conue

572 1989 614 39 niebant. inuenta est canonum predicta compo

572 2018 617 44 sitio. que iam pene recessit ab usu. Forte propt̾

569 2049 617 42 nouam in euangeliis prout et in aliis sacre

569 2079 620 41 scripture libris per capitula quotationem. Ut

572 2110 620 43 autem labor ueterum tantus. non ex toto periret

567 2137 618 44 placuit tradere modum quo posset quilibet stu

563 2168 622 65 diosus uti prefatis canonibus in libris eciã nõ

768 181 263 106 Prohemium

289 971 255 33 Ꝙͣ nunꝰ ĩutile sit Noue

287 999 268 28 sectari ꝙͣ nulla sectari dũ

294 1021 262 42 optĩa q̃q per neggligẽtiã

289 1036 116 48 intereunt.

1189 381 126 41 ꝓcedũt aũt

1187 405 128 41 canones euã

1185 426 128 44 gelioꝵ ꝑ ꝯcor

1189 450 119 33 dantias rea

1183 468 128 44 les uel histori

1187 498 50 37 cas.

1311 347 613 56 habentibus eos uel ipsos nouiter inscribere

1318 385 599 50 fas haberet. Procedunt autem canones euan

1315 413 595 50 geliorum per concordantias nedum reales uel

1309 446 614 52 historicas. sed quandoq per uocales. ubi constat

1304 477 617 42 non esse eandem doctrine uel historie narrationẽ

1313 505 604 52 sicut de pascha: sicut de filio reguli. et de seruo cẽ

1308 540 612 45 turionis. sicut de ceco sanato in ingressu hiei̾cho

1308 566 613 42 et de cecis in egressu saniatis. Et apertissime in pis

1308 601 612 40 catione petri. quando fuit uocatus ad sequelam

1307 631 611 45 et de piscatione quam exercuit post resurrectio

1308 662 613 43 nem quando manifestauit se iterum ihesus io

1308 686 617 44 hannis .xxi. Constat enim non eandem sed diu̾

1308 720 615 39 sam piscationem fuisse: et ita de plurimis quod

1310 744 614 47 expedit cognoscere ne dissonantia difficilis ⁊ pos

1308 781 619 43 sibilis ad concordandum textualiter orir uidea

1310 810 615 39 tur. Utrum uero liber amonii unũ ex quattuor

1311 842 617 45 reperiatur usqmͣ apud latinos ignoro. Egregiꝰ

1308 872 613 39 autem doctor Augustinus librum edidit p̃cla

1307 895 608 48 rissimũ de consensu euangelistarum in quo mo

1311 929 610 38 dum exorsus est componendi unũ ex quattuor

1314 957 611 45 Cui nuper exordio datum esse credimus ĩ reliqͥs

1310 991 611 37 auctore domino complementum. quod opus eo

1311 1022 619 39 facilius poterit incorruptum seruari qͣm in prin

1308 1051 615 38 cipio nascentis ecclesie quo suscepta multiplica

1310 1076 611 43 taq est unica euangeliorum Hieronymi trans

1310 1108 614 39 latio. Sed heu nostra hac etate misera quis leget

1305 1141 618 36 hec: Quis studebit: Quis transscribet: Cernis et

1310 1169 613 43 sentis frater charissime quantus modo bellorum

1308 1198 615 43 plusqͣm ciuilium horror circũtonat: quanta suc

1311 1230 614 39 crescit heresum infelix pullulatio. quantum insu

1310 1259 617 42 per preualente iniquitate refriguit charitas. quem

1298 1283 626 42 ad modum rursus sacre legis studium intermis

1304 1315 617 44 sum ne dicamus irrisum. Uerum consolat᷑ nos

1309 1337 616 48 polliciatio christi dicentis. In mundo pressuram

1311 1375 617 42 in me pacem habebitis. De qua loqͥt᷑ ad dñm ꝓphe

1308 1404 617 43 ta dicens. Pax multa diligentibus legem tuam.

1308 1436 616 42 Et iterum. Beatus homo quem tu erudieris domi

1308 1468 615 37 ne: et de lege tua docueris eum. Ut quid ita: Ut

1311 1498 619 42 mitiges ei a diebus malis et cete̾a. Hinc de sapi

1312 1526 605 39 entia golriatur alius quod erit allocutio tedii

1311 1553 616 40 sui: quia non habet amaritudinem cõuersatio il

1310 1582 611 44 lius. nec tedium cõuictus illius. sed leticiam et

1312 1611 613 44 gaudium. ¶ Hanc amplectamur frater cha

1305 1641 622 40 rissime ut tanqͣm altera sunamitis suo calore ui

1317 1670 601 40 uido castoq nostram refoueat in misericordia

1313 1694 599 50 uberi senectutem. Deniq iuxta uerbum ut̾i Hie

1302 1725 623 46 ronymi se consolantis et inducentis hismeneũ

1313 1755 602 50 Canamus nobis et musis ỹmo deo et angelis

1298 1792 629 40 si aures surde fuerint ceterorum. Siue ut epi

1311 1819 609 45 curus amico loquitur. duo nos magnum sa

1305 1847 620 43 tis theatrum sumus. Aut certe sedebit solita

1312 1877 609 42 rius et tacebit. quia leuauit se supra se. Nun

1312 1906 615 42 qͣm minus solus. qͣm cum solus. nec magis ac

1312 1937 612 46 tuosus qͣm cum ociosus. Siquidem regnũ dei

1311 1967 598 44 intra nos est quod prorsus esse quis dubitet

1311 1993 614 45 amplissimum compellens ibi rationes ⁊ ca

1311 2027 612 42 nones omnium seculorum. Ubi deus omnia

1308 2059 617 46 in omnibus in quo hic et nunc et uigiter deam

1305 2086 430 47 bulemus animo. Uale frater

1275 2127 655 65 ¶ Prohemium super Unum de qͣttuor: cuius titulus

1311 2173 578 64 esse potest tretramonum uel monotessoꝵ

281 1326 291 61 Dũ trtã alterius semitã

300 1370 272 48 pudet sequi placet ꝯtentio

300 1398 172 39 nibus intendere.

1189 847 113 47 Egͤgiꝰ auctor

1189 880 107 41 aug. librum

1193 893 120 48 edidit p̃clari

1191 933 114 22 simũ de ꝯcor

1191 943 114 37 dia euãgelis

1189 965 41 42 taꝵ.

1496 182 280 95 seu prologus.

1187 1288 118 27 Quãtũ ĩsu

1184 1307 123 30 per p̃ualente

1193 1326 109 37 uqͥtate cefer

1185 1341 126 64 cruit charitas:

291 1913 255 54 Ieronimꝰ refert ãmoniũ

298 1956 254 34 alexandrinũ edidisse unũ

296 1973 257 35 ex quatuor quod uicio sup̾

298 1999 268 44 toris laceuatũ ĩueniebatur

1187 1611 124 60 Amplectam᷑

1196 1659 113 35 hanc frater

1196 1681 106 31 charissime

1198 1688 113 43 tanqmͣ alta̾

1196 1716 122 33 ᷤᷤᷠᷤᷤᷤᷤsunamitis ut

1202 1725 100 42 uiuido calore

1193 1755 118 39 refoueat nos

1193 1775 120 43 trã senectutẽ

2326 338 465 71 num ex quattuor euangeliis com

2326 387 471 55 ponere diuinus aperuit Augustinꝰ

2325 419 472 48 qui libro suo de consensu euangelis

2322 474 478 28 tarum subtilissimo quidem et operi

2188 487 607 45 osissimo compingit sub una ferie narrationis

2184 515 614 42 euangeliorum uerba usq ad tempus quo predi

2184 547 619 44 care et baptisare iohannes exorsus est: quatinus

2177 575 620 49 hoc exemplo sine ut a me factum est inquit siue

2177 598 624 54 alio modo commodosius fieri possit uideat unꝰ

2181 636 619 47 quisq et inceteris talibus locis fieri posse quod

2180 666 621 39 hic factum esse fieri perspexerit. ¶ Temptamus

2181 694 617 39 ergo continuare prout inchoauerat. Uisus est ꝓ

2181 723 619 48 tinus labor uix explebilis maxime propter ordi

2178 742 623 61 nis rerum gestarum intcertitudinem. Marcus enĩ

2180 773 615 56 teste beato Hieronymo non ordinem rerum gesta

2185 816 625 37 rum sed ordinem leuitice electionis complexus ẽ

2183 834 627 54 Lucas similiter in multis. Iohannes uero seorsum

2183 866 633 55 plura posuit ab aliis pretermissa: pauca iterans

2183 896 630 47 que tradiderunt. ¶ Cum igitur triplex sit or

2184 927 627 43 do narrationis litteralis. Unus rei geste. Alter an

2181 957 629 46 ticipationis. Tertius rememorationis prout spi

2183 988 626 41 ritus sanctus uoluit nunc ad hunc nunc ad illũ

2184 1020 616 40 ordinem inouere scriptores. Non enim refert

2184 1048 622 44 iuxta traditionem Augustini quibus uerbis

2184 1073 625 49 uel ordineeadem sententia uel ueritas nota fiat

2185 1110 621 47 Sufficiat probabilis collatio facta sine preuidi

2187 1132 608 53 cio aliter uel sentientium uel scribentũ. ¶ Nõ

2190 1170 608 41 eciam tali ausu temerario quin intemeratum

2187 1195 612 48 uelimus manere quadruplicis euangeliste n̾

2185 1222 608 47 rationis sacramentum. Quis enim nesciat spi

2185 1259 616 40 ritum christi potuisse sub uno eodemq peni

2183 1280 610 48 tus uerborum sententiarum q contextu tradi

2188 1317 622 37 disse gestorum suorum uerborumq salutarem

2185 1343 622 40 historiam: Sed cum magno sacramenti mys

2185 1372 618 43 terio sibi placuit sub quadam concordissima.

2187 1405 624 44 si ita dici possit dissonantia mentes fidelium

2185 1436 621 43 commonere ad humiliorem uigilantioremq

2188 1471 621 36 necnon multipliciorem inuestigationem ue

2187 1492 612 48 ritatis. palamq fieret quattuor euangelistas

2185 1518 603 48 non mutua conspiratione. sed diuina inspi

2187 1546 601 50 ratione fuisse loquutos. ¶ Nec offendat

2180 1572 617 53 petmius aliquem si contextus quattuor eu

2187 1603 610 50 angeliorum in unum compactus non po

2183 1629 610 48 tuit sonoritatem suam custodire ab omni

2185 1667 613 42 prorsus specie nugationis et cuiusdam ap

2185 1694 622 45 parentis dissonantie alienam. quia sola tex

2184 1723 617 39 tus uerba ponere miscendoq custodire cura

2184 1751 616 48 fuit. ¶ Deniq dabunt illustrationem glo

2185 1786 613 45 se doctoꝵ prefectim Augustini libro pretacto

2187 1812 623 45 quãius pauculas annotare quasi margina

2189 1840 601 46 les glosulas sutdium fuit obcestatione pre

2185 1866 610 53 missa ne scriptores eas textui misceant neq

2183 1899 605 46 quotationes capitulorum et euangeliorum ã

2185 1930 605 45 notationes omittant uel confundant. Sit ip̃a

2187 1966 616 36 merces increata dei sapientia pollicens ⁊ dicens.

2183 1993 623 45 Qui me elucidant: uitam eternam habebunt.

2188 2025 616 42 ¶ Diuiditur autem presens opus in tres par

2185 2056 622 43 titiones: et quelibet in suas rubricas et histori

2185 2085 616 42 as iuxta uariam materie qualitatem. Particio

2185 2117 618 45 prima continet originem et ingressum christi

2187 2144 616 44 usq ad progressum sue predicationis ibi An

2185 2175 618 65 no quintodecimo et cetera. ubi est secunda par

2396 194 247 87 Prohemiũ.

2818 757 109 30 Marcus nõ

2816 775 107 36 ordinẽ rerũ

2808 801 115 37 gestarũ sed

2812 816 113 39 ordinẽ leuiti

2816 843 105 36 ce clectroĩs

2816 853 109 45 complexus

2816 886 27 55 est.

2926 329 615 81 ticio usq ad egressum sue passionis et resur

2928 393 611 42 rectionis ibi Prima autem die amimorum ubi

2926 422 437 47 ponitur tercia et finalis particio.

3066 447 473 52 Irca lecturam istarum concordancia

3063 483 480 44 rum considerandum est ꝙ littera .M.

3063 505 472 50 posita inter duo puncta significat

3066 540 473 37 ꝙ mattheus illam dictionem ponat

2925 566 610 48 .m. sequentem. Similiter quando .R. ponitur in

2923 598 616 40 telligendum est de marco. Ubi .L. lucam signi

2919 628 619 38 ficamus. Eodem modo ubi .I. ponitur intelli

2923 659 620 43 gendum est de iohanne. Unde si aliquando de lit

2923 688 620 35 teris predictis duo uel tres uel quattuor cõueni

2919 715 624 40 unt considerandum est ꝙ littere illorum euãge

2936 736 608 52 listarum in scriptis concordant. Ex quo eliciunt᷑

2930 768 621 51 duo. Primũ ꝙ littere adiuncte dictionibus inter

2928 808 621 37 duo puncta computantur additionem preceden

2928 827 616 46 tem et ad illud quod tali dictioni adiungitur. Se

2934 860 612 48 cundum ꝙ lector continue debet istas concordan

2931 893 623 45 cias legere et in legendo nichil attendere dictioẽs

2929 923 635 41 positas inter puncta. Et sic habebit unũ continu

2929 952 632 44 um euangelium omniũ euangelistarum. ¶ Au

2929 984 626 44 gustinus. Inter omnes diuinas auctoritates que

2929 1013 623 44 sacris litteris continentur merito euangeliũ pre

2931 1042 624 42 cellit. ¶ Hieronymus. Euangelia legis imple

2931 1073 626 40 cio sunt. et in hiis precepta et exempla uiuendi

2933 1099 621 48 plenissime sunt digesta. ¶ Chrysostomus Si

2936 1126 615 52 cut enim in domũ ubicunq fuerit positum eu

2941 1139 612 69 angelium. non audebat accedere dyabolus. multo

2936 1185 619 50 magis animam intelligentias habentem tales

2938 1217 613 46 et circumferentem non tanget unqͣm neq super

2934 1224 621 69 ueniet ei demon neq peccati natura. Attendamus

2926 1282 628 42 igitur dilecti scripturis et si nullum aliud euãge

2933 1305 622 48 lica saltem nobis circum studiosa fiant et hec p̃

2931 1338 624 44 manibus habeamus Confestim enim expandẽs

2931 1370 624 41 librum si permanseris usq ad finem: omnia re

2931 1401 623 48 spues mundana. omnia deridebis que hic sunt.

2929 1431 625 47 Et si diues fueris: nichi reputabis diuicias. si

2932 1465 620 45 inops. non confunderis inopia. Non rapies. nõ

2934 1487 612 50 auarus eris. sed concupitor eris magis inopie

2932 1513 614 48 et despicies diuicias. Si uero hoc fiet omnia ex

2932 1531 619 59 terminabis mala. ¶ Et iterum. Quid utiq eu

2932 1570 617 44 angeliis equale fiet. Utiq deus cõuersatur in ter

2917 1606 629 42 ra. homo ascendet in celum. et facta est omnius

2920 1633 629 38 una permixtio. Angeli cum hominibus. chorus

2931 1661 626 45 faciebant. homines angelis cõmunicabant. et a

2929 1690 629 42 liis celestibus superiusq uirtutibus. Et erat

2929 1723 632 39 uidere antiquũ repente prelium dissolutum de

2931 1757 630 37 um hominibus reconciliatum. dyabolum con

2925 1783 630 45 fusum. demones fugentes. mortem peremptã.

2932 1818 623 37 paradisum apertum. maledictionem remotã.

2926 1844 625 38 peccatum de medio sublatum. errorem lapsum

2934 1864 615 50 ueritatem reuersam. pietatis sermonem ubiq

2926 1900 623 47 seminatum et uegetatum. celestem conuersa

2925 1931 621 42 tionem in terre regione plantatam. supernas

2932 1956 610 52 uirtutes familiariter nobiscum loquentes et

2928 1990 624 44 ad terras sepe angelos uentitantes. ex hiis omni

2926 2024 620 41 bus spem firmari certissimã futuroꝵ. Hec ille.

2939 2050 618 54 ¶ Sequitur tabula continens .iio. rubicas que

2926 2085 625 48 tabula eciam ꝑ se utilis erit ad cognoscendum ĩ

2928 2114 617 44 quibus cõueniant et in quibus euangeliste nõ

2926 2146 619 43 cõueniant. Deniq suꝑadduntur rubricelle sub

2926 2171 620 65 quattuor principalibus rubricis ne lectoris me

2819 1128 109 48 Nõ ausu te

2816 1156 114 36 inerario uo

2816 1174 119 41 luinꝰ ĩteme

2812 1200 118 42 ratũ mane̾

2816 1224 114 33 quadrupliq

2816 1246 112 35 eũgeliste nar

2816 1265 109 40 ratioĩs sacͣ

2814 1289 87 74 ͫͤᷠͭͧͫͤᷠmentũ.

3086 191 308 102 seu prologus.

2814 1487 116 44 ut palã fie

2808 1518 122 35 ret quatuor

2806 1524 122 50 euãgelistas

2800 1542 133 56 non mutua

2799 1564 133 61 ꝯspiratione

2806 1601 122 32 sed dĩna ĩspi

2811 1616 103 36 ratiõe fuisse

2816 1638 94 69 loquitos.

2819 1831 106 35 Pauculas

2810 1851 118 39 glosulas ã

2810 1877 116 31 notare uolui

2810 1897 115 29 cũ ꝓtestacõe

2808 1901 113 45 ne teui ĩse

2810 1936 74 49 rentur.

3525 174 146 101 Foͦ. ii.

3555 494 214 57 Litta̾ posita ĩter duo

3559 536 206 47 pũcta significat qdͦ

3559 550 218 59 matheus illã dictices

3557 564 74 76 ponat.

3579 1005 192 36 Inter om̃s diuinas

3577 1023 208 33 auctoritates q̃ sacris

3583 1045 206 29 litteris ꝯtinẽtur inci̾to

3581 1063 184 41 eũgelium precellit.

3572 1932 194 69 Celestẽ ꝯu̾sationẽ in

3570 1975 215 51 terre regione plãta

3570 2008 48 50 tam
