4000 2878
374 544 228 57 Prĩcipiũ acciꝑe possũꝰ

376 577 223 40 ꝓut scdm̾ sapiãm et exẽ

374 604 218 57 pla que ĩ eo sũt fiẽt oĩa.

622.0 366.0 582.0 57.0 eciã in euangelista prudentiã spiritalem: no

621 407 573 41 uerat homines id quod antiq̾us est. et qd̾ est an

619 436 592 48 te omnia maxime honorantes et ponentes deũ

619 462 575 53 propter hoc primũ dicit principiũ dicens. In

619 491 285 51 principio erat uerbũ.

907 491 129 53 Origenes

1041 491 153 53 Principium

621 520 571 57 enĩ nos accipere possumus prout scd̾m sapien

615.0 553.0 226.0 40.0 tiam et exempla

614.0 583.0 232.0 45.0 que in ea sunt fi

615.0 610.0 224.0 40.0 unt omĩa. qͥa prĩ

617.0 637.0 232.0 48.0 cipiũ filii pater ẽ

615.0 673.0 226.0 40.0 et principiũ om

617.0 700.0 224.0 38.0 niũ entium ⁊ cre

619 724 110 50 aturarũ.

731 721 108 53 Basilius

620.0 757.0 221.0 44.0 Preuidit enĩ spi

625.0 789.0 222.0 40.0 ritus sanctus futu

623.0 818.0 219.0 40.0 ros quosdam ĩui

621 837 223 54 dentes glorie uni

625.0 876.0 219.0 44.0 geniti qui prefer

626.0 906.0 218.0 40.0 rent sophismata

625.0 935.0 224.0 40.0 ad subuersionem

628.0 964.0 214.0 40.0 auditoꝵ. quia si

630.0 994.0 220.0 42.0 genitus est non e

626 1014 223 48 rat. et anteqͣm ge

626.0 1050.0 226.0 43.0 nitus esset non e

628.0 1079.0 226.0 41.0 rat. Ne igitur ta

626.0 1104.0 226.0 40.0 lia garrire presu

628.0 1136.0 227.0 39.0 mant spiritus sãc

623.0 1165.0 234.0 40.0 tus ait. In princi

625.0 1192.0 224.0 43.0 pio erat uerbum.

626 1220 139 43 Hylarius

767 1218 84 48 Transe

628.0 1251.0 230.0 45.0 unt temꝑa transe

630.0 1283.0 224.0 40.0 unt secula: tollũ

630.0 1312.0 225.0 37.0 tur etates pone a

628.0 1339.0 229.0 45.0 liqd̾ quod uoles tue

630.0 1367.0 230.0 44.0 opinioni principi

631.0 1400.0 223.0 40.0 um non tenes tꝑe

631.0 1429.0 224.0 38.0 erat enĩ unde trac

631 1453 81 45 tatur.

712 1453 144 45 Crisostomꝰ.

631.0 1482.0 229.0 48.0 Sicut autem quiˢ

630.0 1517.0 227.0 41.0 cũ stat in naui se

636.0 1547.0 218.0 37.0 cus litus uidet ci

628.0 1570.0 224.0 41.0 uitates et portus

628.0 1597.0 227.0 45.0 cũ eum aliquis ĩ

628.0 1627.0 226.0 45.0 mediũ pelagi du

628.0 1659.0 234.0 39.0 xerit. a prioribus

634.0 1685.0 226.0 43.0 quidẽ desistere facᵗ.

631.0 1714.0 227.0 39.0 non tamen alicu

634.0 1739.0 224.0 43.0 bi defigit ibi ocul

633.0 1768.0 230.0 48.0 lum. ita euãgelis

631.0 1801.0 226.0 45.0 ta hic suꝑ omnẽ

633.0 1832.0 233.0 40.0 nos ducens creatu

630.0 1845.0 596.0 56.0 ram suspensum dimittit oculum non dans su

636.0 1889.0 600.0 42.0 perspicere aliquem finem ad suꝑiora. hoc enim

634.0 1912.0 607.0 46.0 in principio erat semꝑ et infinite effendi signi

633 1942 158 51 ficatiuũ est.

789 1942 170 48 Augustinus.

957 1935 278 53 Si filius est natus ẽ

631 1969 597 52 hoc fatemur. Adiungũt deinde. si natus est pa

634.0 2000.0 597.0 43.0 tri filius. erat pater anteqͣm ei filius nasceret᷑.

630.0 2035.0 607.0 37.0 hoc respuit fides. Ergo ayt. Ratioẽm michi red

628 2057 583 46 de. qũo ⁊ filius nasci potuit patri ut coeternus

631.0 2091.0 597.0 41.0 esset ei a quo natus est. post patrẽ enĩ nascit᷑ fi

628.0 2118.0 603.0 46.0 lius utiq patri morituro successurus. Siłitudi

626.0 2147.0 607.0 62.0 nes adhibent de creaturis et nobis laborandũ

738 211 352 76 Monotesseron siue

898 623 315 53 minem uenien

897 661 328 77 tem in hũc mũ

897 724 318 72 dum. In mũdo

902 786 307 67 erat. et mũdus

902 837 310 79 ꝑ ipsum factuˢ

897 895 336 70 est: et mũdus eũ

897 956 328 64 non cognouit.

900 1012 305 67 In propria ue

902 1076 316 54 nit. et sui eum

906 1132 315 55 non receperunt.

905 1179 304 69 Quocquot au

906 1240 311 67 tem receperunt

906 1291 295 66 eum. dedit eis

909 1343 307 81 potestatem sibi

908 1405 313 75 os dei fieri. hiis

908 1464 318 64 qui credunt in

906 1515 312 71 nomine eius: qⁱ

906 1576 311 64 non ex sangui

911 1632 306 67 nibus? neq ex

911 1688 317 64 voluntate car

910 1742 319 74 nis: neq ex uo

381 1127 233 67 Ne talia garrire p̃sumãt

379 1177 232 50 spũ sanctus ait In prin

381 1203 170 58 cipio erat uerbũ.

1206 402 116 59 Si possumꝰ

1211 446 111 38 ĩuenire duo

1202 460 124 43 hec coeua ge

1205 467 124 56 nerans et ge

1205 486 112 60 neratũ ibi

1207 520 124 46 ĩtelligimus

1211 546 72 55 eterna.

1322 356 598 64 est ut et nos ĩueniamus sil̃itudines eaꝵ rerũ

1308 406 611 48 quas astruimꝰ. Sed quid possumꝰ in creatura

1316 436 606 46 ĩuenire coeternũ quando in creatura nil ĩueni

1326 453 598 57 emus eternũ. Sed si pñt ĩueniri hec duo coeua

1309 495 613 47 generans et generatum ibi intelligimꝯ eterna

1293 526 631 51 ip̃a quidẽ sapientia dicta est in scripturis cãdor

1685.0 550.0 242.0 44.0 lucis eterne. dicta ẽ

1684.0 581.0 246.0 44.0 ymago patris. Hinc

1682.0 607.0 237.0 48.0 capiamus sili̾tudi

1680.0 642.0 248.0 40.0 nem ut ĩueniamus

1684.0 669.0 240.0 40.0 coeua ex quib ĩtel

1680.0 697.0 247.0 40.0 ligamꝰ coeterna. Ne

1682.0 722.0 243.0 43.0 mo aũt dubitat qd̾

1684.0 753.0 248.0 44.0 splendor de igne exit.

1688.0 785.0 242.0 41.0 Ponamꝰ ergo ignem

1690.0 817.0 235.0 40.0 patrem illius splen

1685.0 841.0 237.0 44.0 doris. mox quidẽ ut

1687.0 872.0 235.0 39.0 lucernã accendendo

1688.0 896.0 244.0 48.0 simul cũ igne ⁊ splẽ

1687.0 932.0 241.0 40.0 dor existit. Da michi

1687.0 959.0 241.0 43.0 hic ignẽ sine splen

1690.0 988.0 237.0 40.0 dore. ⁊ credo tibi pa

1688.0 1016.0 245.0 44.0 trem sine filio fuisse

1692.0 1044.0 243.0 46.0 ymago existit de spe

1690.0 1074.0 238.0 38.0 culo homĩs intuen

1693.0 1101.0 234.0 42.0 tis speculũ. existit

1690.0 1127.0 243.0 48.0 ymago mox ut aspᶜ

1692.0 1155.0 244.0 47.0 tor extiterit. sed ille q̾

1690.0 1191.0 243.0 40.0 aspicit erat anteꝙͣ

1692.0 1215.0 248.0 46.0 accederet ad speculũ.

1693.0 1248.0 240.0 37.0 Qd̾ autẽ de alio est

1696.0 1272.0 239.0 45.0 utiq natũ est. p̃t er

1693.0 1306.0 243.0 43.0 go esse generans. et

1696.0 1333.0 236.0 43.0 cũ illo qd̾ de eo na

1696.0 1359.0 239.0 41.0 tum est. Sed dicet a

1700.0 1391.0 241.0 43.0 liquis. ecce intellexi

1700.0 1415.0 248.0 46.0 eternũ patrẽ filium

1700.0 1448.0 241.0 46.0 sicut effusũ splendo

1700.0 1480.0 246.0 38.0 rem. minus igne lu

1700.0 1504.0 243.0 46.0 centem. dicimus nõ

1703.0 1534.0 245.0 45.0 sed equalitas omni

1340.0 1544.0 604.0 66.0 no est. Non credo ayt quia non ĩuenisti sili̾tudi

1343.0 1597.0 598.0 40.0 nem. fortassis autem ĩueniemus in creatura.

1346.0 1624.0 602.0 42.0 qũo intelligamꝰ filiũ et coeternũ patri. et nequa

1349.0 1653.0 599.0 41.0 qͣm minorem. sed non illud possumꝰ ĩuenire in

1348.0 1683.0 600.0 35.0 uno genere similitudinũ. Iungamꝰ ergo gene̾a

1346.0 1707.0 598.0 43.0 unũ unde ipsi dant sili̾tudinẽ. et alterum unde

1346.0 1739.0 600.0 40.0 nos dedimꝰ. dederũt illi sili̾tudines ex hiis que

1346.0 1768.0 603.0 37.0 precedunt temꝑe ab hiis a quib nascunt᷑. sicut

1348.0 1797.0 606.0 41.0 homo de hoĩe. sunt tñ homo ⁊ hõ eiusdem substã

1348 1825 593 39 tie. Laudamꝰ ergo in ista natiuitate equalitatẽ

1346.0 1851.0 605.0 43.0 nature. deest equalitas temporis. in illo autem

1346.0 1881.0 610.0 47.0 genere similitudinis quod nos dedimus de splẽ

1349.0 1917.0 599.0 36.0 dore ignis equalitatem nature non ĩuenis. : ⟦sed⟧

1346 1937 295 51 sed ĩuenies coueitatem.

1646 1940 297 43 Ex consilio ephesino

1349.0 1968.0 600.0 48.0 Splendor enĩ nascitur quidem ex sole. nõ tamẽ

1349.0 1998.0 607.0 45.0 intelligitur sole posterior: coexistere ergo semper

1349.0 2030.0 605.0 43.0 patri filiũ. splendor tibi denũciat impassibilita

1346.0 2060.0 606.0 39.0 tem natiuitatis ostendit uerbũ consubstancia

1348 2081 362 48 lem filii nomen insinuans.

1710 2081 185 51 Crisostomus.

1898 2064 50 68 Sed

1348.0 2112.0 608.0 44.0 dicunt illi. quoniam hoc. id est in principio nõ

1348.0 2144.0 604.0 48.0 eternitatem ostendit simpliciter etenĩ ⁊ de celo

1318 618 306 63 luntate uiri.

1324 671 302 72 sed ex deo nati

1322 733 124 56 sunt.

1473 721 141 70 Glosa .io.g̾.

1471 775 147 40 Hic preoc

1324 784 125 72 Et uer

1463 798 156 53 cupation fit

1474 837 139 37 de incarna

1336 837 118 76 bum

1465 860 147 46 tione uerbi

1476 888 140 40 que post ino

1329 889 117 65 caro

1466 913 148 43 dum lacius

1481 946 129 45 explicatur.

1327 943 123 75 factũ

1330 999 294 77 est: et habita

1332 1061 294 71 uit in nobis.

1332 1117 289 64 Et uidimus

1335 1176 301 72 gloriam eius

1337 1239 302 62 gloriam qua

1324 1290 315 78 li unigeniti a

1332 1344 297 80 patre: plenus

1338 1405 286 67 gratie et ueri

1337 1464 139 66 tatis.

1211 803 106 53 Ponamꝰ ig

1214 820 115 58 ne patrẽ splẽ

1216 841 120 51 doris cũ simul

1209 865 127 53 cũ igne splen

1218 904 106 50 dor existat.

1476 207 318 87 unũ ex quattuor.

1218 1287 121 48 Quod aũt de

1223 1326 115 31 alio ẽ utiq

1221 1331 120 50 natũ ẽ .ergo

1221 1364 117 34 põt eẽ gene

1218 1367 125 62 rãs cũ illo qd̾

1223 1393 115 53 de conatũ est

388 1813 228 43 Euangelista super omnẽ

391 1841 225 37 nos ducens creaturã sus

388 1868 221 45 pensũ dimittit oculum.

2176 386 593 55 et de terra dictũ est In principio fecit deus celũ

2181 417 595 53 et terram: sed qui cõmune habet erat ad fecᵗ

2178.0 457.0 598.0 48.0 Sicut enĩ quod est. cũ de homine quidẽ dicitur

2181.0 479.0 593.0 50.0 tempus presens significat tm̃: cum autem d̾

2179.0 513.0 597.0 48.0 deo id quod est semꝑ et eternaliter. ita ⁊ erat de

2179.0 542.0 600.0 46.0 nostra quidẽ naturã. cũ dicit᷑. preteritũ signifi

2179.0 567.0 599.0 48.0 cat tempus. Cum aũt de deo eternitatẽ ostendᵗ.

2181 599 132 50 Hylarius.

2310 594 466 53 Piscator autem illitteratus indoctus

2178.0 626.0 596.0 53.0 liber a temꝑe solutus a seculis est uicit om̃e prĩ

2179.0 655.0 599.0 50.0 cipiũ. erat enĩ quod est neq in temꝑe aliquo cõ

2181.0 689.0 592.0 48.0 cluditur ut ceperit quod erat potius in prĩcipio

2181 712 501 53 quã fiebat. ¶ Et uerbum erat apud deũ.

2682 709 91 51 Crisosto

2181 748 74 45 mus.

2255 741 518 52 Quia maxime hoc dei est propriũ eternũ et

2179.0 777.0 603.0 44.0 sine principio esse hoc primũ posuit: deinde ne q̾s

2183.0 802.0 607.0 43.0 audiens. in principio erat uerbũ. ingenitũ uerbum

2181.0 834.0 598.0 42.0 dicat confestim hoc remouet dicens. Et uerbũ erat

2178 856 115 52 apud deũ

2296 856 122 52 Basilius.

2423 856 355 50 Rursus hoc dicit propter blas

2179.0 909.0 602.0 27.0 phemantes qd̾ non erat. Ubi ergo erat uerbũ. Non

2179.0 917.0 607.0 47.0 in loco incirconscriptibilia continent᷑. sed ubi ea̾t:

2183.0 949.0 611.0 45.0 apud deũ. neq pater loco. neq filius circonscriptiõe

2178 973 211 48 aliqua ꝯtinẽtur.

2389 968 137 51 Crisostomꝰ

2531 968 245 51 Non eciã dixit ĩ deo

2181.0 1007.0 593.0 37.0 erat sed apud deũ erat eam que scd̾m ypostasim

2181 1028 415 46 eius eternitatem nobis ostendens.

2596 1028 146 48 Theophilus.

2742 1019 39 57 Ui

2183.0 1061.0 596.0 40.0 detur michi ꝙ sabellius ex hoc dicto subuersus est.

2181.0 1090.0 593.0 42.0 ipse dicebat ꝙ pater et filius et spiritus sanctus

2184.0 1116.0 597.0 46.0 una est ꝑsona que aliqñ ut pater apparuit aliqnͣ

2183.0 1149.0 595.0 38.0 do ut filius: aliquando ut spiritus sanctus. ma

2181 1170 600 53 nifeste uero confunditur ex hoc uerbo. Et uerbum

2183.0 1207.0 596.0 36.0 erat apud deũ. hic enĩ declarat euangelista aliũ

2179.0 1237.0 613.0 34.0 esse filiũ. aliũ scilicet patrem. ¶ Et deus erat uer

2181 1259 72 50 bum.

2253 1259 124 48 Hylarius

2375 1259 410 45 dicit. uerbũ sonus vocis est enũci

2181.0 1293.0 601.0 40.0 atio negociorum et eloquutio cogitationũ hoc uer

2181.0 1320.0 598.0 43.0 bum in principio apud deũ erat. quia sermo cogi

2184.0 1352.0 597.0 40.0 tationis ⟦ eternus ⟧ eternus est. cũ qui cogitat sit eter

2181.0 1379.0 597.0 37.0 nus: sed quomodo in principio erat quod neq an

2183.0 1410.0 593.0 38.0 te tempus neq post tempus est et nescio an ipsũ

2181.0 1435.0 597.0 42.0 possit esse in temꝑe. loquentiũ enĩ sermo neq est

2183.0 1464.0 593.0 42.0 anteqͣm loquatur. et cum loquuti fuerint non erᵗ.

2186.0 1491.0 592.0 45.0 In eo enĩ ipso ꝙ loquũtur dũ finiant iam nõ erit

2183.0 1522.0 599.0 38.0 id unde ceperunt. Nũquid audieras de deo ut sermo

2183.0 1547.0 604.0 42.0 nem recondite cogitationis acciperes aut fefellerat

2186.0 1578.0 604.0 36.0 iohãnem quid esset momenti inter esse et adesse

2181.0 1603.0 606.0 39.0 id enĩ quod in principio erat. non in altero esse s

2184.0 1630.0 598.0 42.0 cũ altero predicatur statum igitur uerbi et nomẽ

2183 1654 595 51 expecta. Et deus erat uerbũ. Cessat sonꝰ uocis ⁊ cogi

2183.0 1690.0 609.0 36.0 tationis eloquiũ. uerbũ hoc res est non eloquius

2176 1712 497 48 natura non sermo deus non ĩanitas est.

2675 1712 113 48 Theophilꝰ

2184.0 1742.0 602.0 43.0 Postꝙͣ uerbum erat apud deũ. manifestum est qd

2187.0 1774.0 600.0 39.0 due ꝑsone erant quãuis una natura duabus ex

2187.0 1803.0 602.0 43.0 istat. unde dicitur. Et deus erat uerbũ: ita ut una

2185 1827 507 48 natura sit patri et filio cũ sit una deitas.

2694 1832 94 48 Crisosto.

2188 1858 67 43 mus.

2255 1856 530 48 Non enĩ ut plato hic quidẽ intellectũ quen

2186.0 1885.0 604.0 44.0 dam. hic uero animam mũdi esse dicens. hec enim

2186.0 1917.0 604.0 48.0 procul sunt a diuina natura. ¶ Hoc erat in prin

2185 1942 216 48 cipio apud deum.

2401 1942 130 48 Hylarius.

2531 1942 254 51 Quia dixerat deꝯ erat

2189.0 1976.0 598.0 41.0 uerbum. trepido in dicto et me insolens sermo cõ

2187.0 2005.0 599.0 47.0 mouit cũ unũ deũ ꝓphete nũciauerunt sed ne qͦ

2190 2028 608 51 ultra trepidatio mea progredi possit reddit sacᵃ

2187.0 2062.0 597.0 46.0 menti tanti piscator dispensationem et refert ad

2188 2086 595 48 unũ omnia sine contumelia sine abolitione si

2190 2117 593 53 ne temꝑe dicens. Hoc erat in principio apud deũ

2184.0 2155.0 603.0 72.0 apud unũ ingenitũ deũ ex quo ipse unus uni

1235 1872 110 65 In genere

1242 1916 96 38 similitudĩs

1238 1942 98 23 quod nos de

1233 1945 105 48 dimꝰ de igne

1233 1984 110 26 et splendore

1235 1997 106 30 equalitatẽ

1233 2000 107 45 nature non

1240 2033 94 36 ĩuenies sed

1235 2057 108 37 coeuitatem.

2288 215 368 88 Monotesseron siue

2785 386 111 41 Qⁱd ꝯmune

2783 412 108 53 habet erat

2790 437 91 29 ad fecit

2795 714 103 55 Maxime hͦ

2790 755 106 32 d̾o est ꝓpriũ

2793 774 103 48 etn̾ũ et sine

2801 800 97 32 prĩcipio ẽe.

2905 374 353 62 genitus deus esse predicat᷑.

3258 374 139 55 Origenes.

3395 374 108 48 Postqͣm

2898.0 404.0 599.0 61.0 premiserat tres ꝓpositiones euangelista resu

2901.0 439.0 606.0 53.0 mit tria in unũ dicens. hoc erat in principio a

2899.0 468.0 608.0 53.0 put deum. In primo enim trium didicimus ĩ

2901.0 495.0 601.0 58.0 quo erat uerbum quia in principio erat. In se

2899.0 529.0 611.0 54.0 cundo apud quem: qͥa apud deũ. In tercio quid e

2899.0 559.0 614.0 48.0 rat uerbum. quia deus demonstrans uerbũ pre

2899.0 586.0 613.0 47.0 dictum deum. ꝑ hoc qd̾ dicit hoc et colligens in ꝓ

2899.0 618.0 611.0 50.0 positioẽm quartam hoc quod est dicit. In princi

2899.0 649.0 608.0 46.0 pio erat uerbũ et uerbũ erat apud deũ et deus e

2901 678 136 51 rat uerbũ

3040 673 129 48 Alcuinus.

3172 666 345 51 Qualiter autem ponit sb̾

2902.0 705.0 614.0 49.0 stantiuũ uerbum erat. ut intelligeres omnia

2902.0 737.0 608.0 44.0 tempora preuenisse coeternũ deo patri uerbum.

2904.0 764.0 606.0 43.0 ¶ Omĩa ꝑ ipsum facta sunt. Postqͣm dixit de

2899.0 793.0 613.0 44.0 natura filii de operatione eius subiungit dicẽs

2902.0 817.0 608.0 54.0 Omĩa ꝑ ipsũ facta sunt. Id est quicquid est siue ĩ

2901 846 559 55 substantia siue in aliqua ꝓprietate ab eo est.

3462 844 46 45 Cri

2901 882 117 48 sostomꝰ

3018 872 494 58 Moyses quidem incipiens scripturã ue

2902.0 904.0 613.0 50.0 teris testamenti de sensibilib nobis loquitur et

2902.0 938.0 613.0 42.0 hoc ꝑ multa. In principio enĩ ayt fecit deus celũ

2906.0 964.0 622.0 49.0 et terram. Deinde inducit quoniam et lux facta ẽ :

2906.0 996.0 607.0 48.0 et firmamentũ et stellaꝵ nature ⁊ genera aĩali:

2906.0 1026.0 609.0 46.0 um. Euangelista hec omnia excedens uno uerbo

2906.0 1050.0 610.0 48.0 comprehendit. ut cognita auditoribꝰ ad alciorẽ

2906.0 1082.0 614.0 50.0 festinans materiã. totum hunc librum instituens

2903 1108 393 52 non de oꝑibus: sed de conditore.

3299 1108 129 47 Theophilꝰ

3428 1108 89 47 Quare

2904.0 1136.0 611.0 51.0 non dicit quod omĩa uerbũ fecit sed usus est hac p̃

2904.0 1175.0 619.0 41.0 positione ꝑ ne filiũ ingenitum intelligeres. et

2901 1194 400 53 sine principio et dei conditore.

3304 1196 132 46 Crisostomꝰ.

3440 1194 72 50 Si pre

2902.0 1226.0 611.0 49.0 positio ꝑ conturbet te. et queris in scriptura qd̾

2906.0 1258.0 612.0 45.0 ip̃m omnia faceret. Audi dauid. Inicio tu dñe ter

2904.0 1290.0 609.0 38.0 ram fundasti: et oꝑa manuũ tuarum sunt celi

2906.0 1319.0 610.0 43.0 Si rursus ꝑ prepositio aliquam subiectiõem ti

2904.0 1341.0 612.0 51.0 bi uidetur inducere cũ paulus eam de patre ponᵗ.

2902.0 1368.0 618.0 53.0 Fidelis inquit dñs ꝑ quem uocati sumus in so

2904.0 1400.0 616.0 51.0 cietatem filii eius. ¶ Et sine ipso factum est nʳ.

2905 1431 151 43 Crisostomꝰ.

3056 1424 466 53 Ut non estimes cũ dicit. Omĩa ꝑ ipsũ

2902.0 1461.0 611.0 46.0 facta sunt. illa omĩa solum dicere. que ad moyse

2909.0 1493.0 606.0 41.0 dicta sũt ꝯuenienter inducit. Et sine ip̃o factum

2906.0 1520.0 606.0 40.0 est nichil. Siue uisibile quidẽ: siue intelligiˡᵉ

2904.0 1547.0 609.0 39.0 nec hoc qd̾ dixit Omnia etceͫ. De signis suspice

2902.0 1576.0 606.0 42.0 ris nũc dici: de quibus reliqui euangeliste lo

2906 1603 607 43 quiti sũt. inducit. Et sine ipso factũ est nichil.

2910 1628 115 46 Origenes

3030 1628 485 46 Ne existimares ea que ꝑ uerbũ facta sũt

2906.0 1664.0 614.0 40.0 ꝑ se existentia nõ ꝯtenta a uerbo. Ayt Sine ip̃o fac

2909.0 1688.0 609.0 41.0 tum est nichil. hoc est nichil factũ est extra ipsũ

2904 1719 467 39 quia ip̃e ambit omĩa ꝯseruans ea.

3371 1714 146 46 Augustinꝰ

2902.0 1744.0 626.0 46.0 Non autem sunt audienda deliramenta hominũ

2912.0 1781.0 611.0 35.0 qui nichil hoc loco aliq̾d intelligendũ putant

2909.0 1806.0 607.0 45.0 quia ipsum nichil in fine sententie positũ est

2910.0 1833.0 613.0 47.0 nec intelligunt nichil interesse utrũ dicatur si

2906.0 1865.0 614.0 37.0 ne ipso nichil factũ est. an sine ip̃o factum est

2909.0 1894.0 611.0 39.0 nichil. nichil quippe et non ens unum sunt.

2908 1918 480 51 ꝑ Quod factum est in ipso uita erat.

3392 1921 75 48 Beda.

3467 1918 55 53 Qⁱa

2910.0 1952.0 606.0 40.0 euangelista dixit Omnem creaturam factam

2909.0 1979.0 614.0 41.0 esse ꝑ uerbũ ne qui forte crederet mutabilem eiꝰ

2912.0 2008.0 608.0 40.0 uoluntatem qiͣ qui subito uolet facere creaturã

2910.0 2041.0 610.0 37.0 quã ab eterno nũqͣm ante fecisset. Ideo docere cu

2910.0 2067.0 605.0 43.0 rauit factam quidẽ creaturã in temꝑe. sed in et

2907.0 2096.0 630.0 43.0 na creatoris sapientia quando et quos crearet sẽ

2907.0 2129.0 624.0 45.0 per fuisse dispositũ. Unde dicit Quod factũ est in

2908 2156 189 105 ipso uita erat.

3095 2151 137 89 Augustinꝰ.

3232 2151 295 79 Potest autem si princ

3045 191 328 103 unũ ex quattuor.

2783 1144 115 55 Ex hͦ uer

2787 1190 112 23 bũ erat apd

2788 1206 110 24 deũ declarat

2788 1224 110 23 euãgeᵃ. aliũ

2793 1241 108 32 cẽ filiũ et ali

2788 1260 94 42 ũ patrem

2793 1586 104 32 Quod enĩ

2793 1590 105 48 ĩ principio

2793 1632 105 22 erat nõ ĩ al

2788 1652 113 24 tero ẽe s cũ

2790 1667 114 38 altero predi

2792 1692 63 30 catur.

2795 2016 113 53 Ne trepidaᵒ

2792 2066 118 27 ꝓgredi possit

2792 2086 109 22 reddit pisca

2793 2102 112 25 toi̾ tanta sa

2797 2122 104 26 cramẽti dis

2795 2142 110 31 pẽsationem.

3493 175 148 119 Foᵒ .uii.

3525 400 167 39 Euangelista resu

3516 417 179 50 mit triam unum

3522 446 91 48 dicens.

3522 786 247 65 Qͥdquid ẽ siue ĩ substãᵃ.

3532 839 211 43 siue ĩ aliqua. pprietate

3531 869 94 49 ab eo est.

3536 1132 214 83 Usus ẽ hac p̃positiõe ꝑ

3534 1201 218 29 ne filiũ ingenitũ dicẽ

3534 1222 218 41 res et sine prĩcipio.

3534 1626 202 69 Nichil factũ ẽ extra

3534 1684 206 38 ip̃m quia ip̃e ambit

3536 1708 196 54 oĩa conseruans ca.

3534 2055 225 42 Docet cͤaturã factã ĩ tꝑe

3534 2074 240 77 sed ĩ eterna creatoris sapĩa

3538 2124 235 5 qũ et qͦs crearet fuisse dispo

3534 2122 50 48 sitũ.
