3999 2878
345 462 197 58 Ip̃e est sapientia dei.

350 486 200 84 et ĩ psalᵒ. Omĩa in

350 522 211 65 sapĩa fecisti domine.

1162 455 104 31 positus ĩ so

1158 460 108 48 le pñs ẽ illi

1161 499 110 43 sol. sed ip̃e sol

1158 521 119 31 li absens ẽ.

1164 433 109 30 Eccus homo

1161 830 117 38 Uita adueĩ

1161 851 108 34 ente nobis

1161 858 115 50 solutũ ẽ mor

1158 899 113 36 tis imperiũ.

1165 1151 108 44 Hoc aũt ini

1163 1165 110 55 ciũ euãgelii

1163 1187 110 48 quidã platoĩ

1158 1228 118 40 cus censuit

1162 1249 106 24 lrĩs aureis

1161 1264 84 45 scribend̾.

572.0 369.0 588.0 75.0 tuari. Qd̾ factũ est in ip̃o: et postea dicat᷑. Ui

570 424 586 50 ta erat. ergo totũ uita est. si sic pronũciaueri

570 453 583 48 mus. quid enĩ non in illo factum est. ipse est

570 479 583 53 sapientia dei: ut dicitur in psalmo. Omĩa in

570 510 591 53 sapĩa fecisti. omĩa sicut ꝑ illũ ita in illo fac

569.0 546.0 591.0 37.0 ta sunt. Si ergo quod in illo factũ est uita ẽ

570.0 572.0 592.0 38.0 ergo et terra uita est et lapis uita est quod ĩ

562.0 599.0 597.0 43.0 honestum est sic intelligere. ne nobis subre

561 623 592 53 pat fecta manicheorũ. Pornũtia ergo sic. Qd̾

561.0 660.0 595.0 43.0 factum est. hic distingue: et deinde infer: in

562.0 687.0 597.0 43.0 ipso uita erat. facta est enĩ terra. sed ip̃a terra

559.0 719.0 592.0 35.0 que facta est. non est uita. est aũt in ipsa dei

566.0 741.0 590.0 45.0 sapitenta spiritualiter ratio quedã que terra

566.0 777.0 593.0 40.0 facta est. hec uita est. Sicut arcah in omni opere

564.0 805.0 593.0 37.0 non est uita. archa uo̾ in arte uita est qͥa uiuit

568 827 209 48 anima artificis.

779 827 139 48 Origenes

921 827 232 53 Oportet scire qd̾ de

568 853 593 55 saluatore quedam dicũtur non sibi esse sed aliis

570.0 888.0 590.0 42.0 quedam uero sibi et aliis. In hoc ergo qd̾ dicit. qd̾

566.0 920.0 588.0 42.0 factũ est in uerbo uita erat. scrutandũ est an sibi

569.0 949.0 585.0 39.0 a̾ aliis uita est. uel aliis tantũ. et si aliis quibꝰ

566.0 978.0 594.0 37.0 aliis. Idem autẽ est uita et lux. lux aũt homi

566.0 1004.0 591.0 43.0 num est fit itaq hominũ uita quibus quorũ

569.0 1032.0 588.0 45.0 est lux: et sci in eo qd̾ dicit᷑. uita saluator ĩtel

564.0 1056.0 593.0 47.0 ligitur non sibi sed aliis. hec quidẽ uita uerbo

564.0 1093.0 595.0 42.0 p̃existenti aderit ex eo ꝙ expiata a peccatis ani

566.0 1117.0 596.0 40.0 ma sit serena uita inseratur ei qui uerbo dei

566.0 1151.0 583.0 43.0 se susceptibilem statuit. ¶ Et uita erat lux hom

566 1177 93 43 minũ.

662 1177 170 46 Theophilus.

834 1170 324 50 Dixerat in ispo uita erat

566.0 1210.0 590.0 38.0 ne putares ꝙ absq uita sit uerbũ. sed uita sᵗ spi

561 1232 585 43 ritalis et lux rationalibus cunctis unde dicit᷑

568 1259 593 50 Et uita erat lux hoĩm quasi diceret. lux ista nõ

564.0 1291.0 593.0 45.0 est sensibilis. sed intellectualis illuminans ip

563 1314 183 50 sam animam.

748 1316 144 51 Augstinꝰ.

889 1340 264 27 Ex ipsa enĩ uita illu

564.0 1349.0 592.0 43.0 minantur homines: pecora non illuminantur

564.0 1376.0 596.0 40.0 quia non habent rationales mentes que possũt

562.0 1403.0 598.0 48.0 uidere sapientiam. Homo autem factus est ad i

564.0 1435.0 593.0 43.0 maginem dei. et habet rationalem mentem ꝑ

564.0 1464.0 593.0 40.0 quam possit ꝑcipere sapientiam. erog illa ui

566.0 1493.0 588.0 45.0 ta ꝑ quam facta sunt omnia lux est et non qᵒ

561 1515 444 51 rumcunq animalũ. sed hominũ.

1009 1513 156 53 Theophiluˢ

559.0 1547.0 590.0 45.0 Non autem dixit lux est solum iudeis: sed om

559.0 1579.0 597.0 42.0 niũ hominũ. Omnes enĩ homines inquatũ

561.0 1610.0 603.0 41.0 intellectum et ratioẽm recipimus ab eo quod noeͫ

558.0 1640.0 606.0 35.0 condidit uerbo. in tm̃ ab eo illumĩari dicuntur

558.0 1661.0 609.0 45.0 nam ratio tradita ꝑ quã rationales dicũtur lux

564.0 1691.0 593.0 43.0 est ad operãda nos dirigens. et non operanda

561 1717 129 48 Origenes.

688 1712 477 53 Non est autem pretermittendum ꝙ ui

561.0 1749.0 599.0 41.0 tam premittit luci hominũ. Inconsequens enim

561.0 1781.0 598.0 36.0 erat illuminari non uiuentem et adueire illu

562.0 1806.0 595.0 40.0 minationi uitam: si aũt idem est uita erat lux

562.0 1833.0 592.0 42.0 hominũ quod solum hominũ erit xp̃s lux atq

562.0 1865.0 592.0 40.0 uita solorũ hominũ hoc opinari hereticum est.

559.0 1893.0 592.0 40.0 Non igitur qd̾ dicitur aliquoꝵ illoꝵ solum est.

559.0 1926.0 600.0 39.0 Scriptũ est enĩ de deo. ꝙ sit deus abraham. deus

562.0 1952.0 595.0 38.0 ysaac et d̾s iacob. non tamen istoꝵ tantũ patrũ

561.0 1982.0 590.0 40.0 dictus est deus: non ergo ex eo quod dicitur lux

562.0 2009.0 590.0 42.0 hominũ excluditur quin sit alioꝵ. Sic igr̾ lux

562.0 2036.0 590.0 47.0 hominũ lux cuiuslibet rationalis creature est.

573 2064 316 44 ¶ Et lux in tenebris lucet

889 2062 84 48 Augꝰ.

973 2062 173 48 Quia uita illa

558.0 2100.0 609.0 40.0 est lux hominũ: sed stulta corda lucem istam cape

554 2123 618 46 re non pñt. quia peccatis suis aggrauantur ut

554.0 2158.0 614.0 61.0 eam uidere non possunt. Ne igr̾ cogitent quasi ab

703 223 347 87 Monotesseron. siue

1151 1515 125 60 Rationabilis

1158 1561 113 29 pars nostra

1158 1575 115 41 ꝑ ĩsistũ sibi lu

1156 1594 110 34 inẽ diuinũ

1177 1621 99 24 res ĩtellegi

1170 1637 111 29 biles cogno

1173 1658 41 68 scit.

326 1564 185 52 cipere sapientiam.

326 1509 225 45 Homo habet rationalẽ

323 1547 228 38 inenetẽ per quã posset ꝑ

1275.0 367.0 603.0 72.0 sentem esse lucem quia eam uidere non possũt

1264.0 426.0 608.0 47.0 Seqͥtur. Et lux in tenebris lucet. ¶ Et tenebre

1271.0 454.0 607.0 49.0 eam non comprehenderunt. Qũo enĩ homo posi

1271.0 486.0 606.0 46.0 tus in sole cecus: presens est illi sol: sed ipse soli

1272 510 606 41 absens est. sic omnis stultus cecus est: et presens

1280.0 535.0 603.0 51.0 illi est sapientia: sed cũ ceco presens est. oculis eiꝰ

1279.0 572.0 604.0 45.0 absens est. non quia illi absens est. sed qr ipse ab

1281 599 184 50 sens est ab illa.

1468 599 132 48 Origenes.

1600 592 283 53 Lux in tenebris fideliũ

1280.0 631.0 593.0 40.0 animaꝵ lucet a fide inchoans ad spem trahens

1280.0 655.0 601.0 45.0 imperitorũ uero cordiũ ꝑfidia et ignorantia lucẽ

1274.0 687.0 607.0 42.0 uerbi dei in carne fulgentis non ꝯprehenderũt. te

1282.0 717.0 588.0 40.0 nebre autem huiusmodi hominũ natura sunt.

1280.0 743.0 600.0 50.0 scd̾m illud pauli. Eramus. n. aliqͣdo tenebre: nũc

1278 767 250 53 aũt lux in domino.

1528 767 146 53 Crisostomꝰ

1676 765 204 50 Uita adueniente

1277.0 804.0 596.0 45.0 nobis solutũ est mortis imperiũ. et luce lucente

1277.0 833.0 603.0 41.0 nobis nõ ultra sunt tenebre. sed semꝑ manet uita

1275.0 863.0 608.0 41.0 quã mors suꝑare non p̃t. Et lux in tenebris luc

1277.0 888.0 609.0 48.0 Tenebras mortem et errorem dicit. Nam lux quidẽ

1282.0 920.0 599.0 45.0 sensibilis non in tenebris lucet sed sine illis. predi

1282.0 951.0 596.0 41.0 catio uero xp̃i in medio erroris regnantis fulsit

1280.0 976.0 606.0 44.0 et eum disparere facit et in vitam mortem fecit

1277.0 1008.0 606.0 44.0 mortuꝰ xp̃s: ita eam suꝑans ut eos qui detineban

1279.0 1037.0 594.0 42.0 tur reduceret. quia igitur neq mors eã suꝑauit

1280.0 1060.0 593.0 44.0 neq error. s fulgida est eius predicatio ubiq et

1279.0 1087.0 598.0 49.0 lucet cũ ꝓpria fortitudine. ꝓprterea subdᵗ Et tenebᵉ

1278 1117 257 48 eã non ꝯprehender̃t.

1535 1115 139 48 Augustinꝰ.

1672 1115 201 45 Hoc autem ũci

1282.0 1144.0 599.0 47.0 um sancti euangelii quidã platonicus aureis lit

1279.0 1173.0 602.0 48.0 teris ꝑscribendũ. et ꝑ omnes eccli̾as in locis emniẽ

1273 1201 415 53 tissimis preponendũ esse dicebat.

1688 1199 125 48 Origenes.

1815 1203 63 48 Hu

1277.0 1239.0 600.0 40.0 mana natura et si non peccaret suis ꝓprius uirtu

1277.0 1266.0 595.0 38.0 tibus lucere non posset non enĩ natural̾ lux est:

1277.0 1295.0 596.0 43.0 sed particeps lucis. capax siquidem sapĩe est non

1279.0 1322.0 594.0 45.0 ipsa sap̃a. Sicut ergo aer ꝑ semetip̃m non lucet

1282.0 1347.0 599.0 48.0 sed tenebraꝵ uocabulo nũcupatur: ita nostra natu

1280.0 1379.0 601.0 47.0 ra dũ ꝑ seipsã ꝯfideratur quedã tenebrosa substã

1282.0 1411.0 593.0 39.0 cia est. capax ac ꝑticeps lucis sapĩe. Et sicut aer

1280.0 1439.0 597.0 46.0 dum solares radios participat non dicit᷑ ꝑ se lu

1279.0 1470.0 602.0 37.0 cere. sed solis splendor in eo apparet: ita rationabi

1280.0 1494.0 598.0 45.0 lis nostre nature pars dũ presentiã uerbi dei pos

1277.0 1526.0 600.0 44.0 sidet. non. ꝑ se res intelligibiles ⁊ deũ suũ sed per

1277.0 1555.0 600.0 37.0 institũ sibi diuinũ lumen cognoscit. lux itaq in

1279.0 1581.0 599.0 43.0 tenebris lucet. qr dei uerbũ uita et lux hominũ ĩ

1279.0 1610.0 599.0 40.0 nr̃a natura que ꝑ se ĩuestigata ⁊ ꝯsiderata infor

1280.0 1638.0 598.0 40.0 mis quedã tenebrositas ĩuenitur. lucere non desi

1282.0 1664.0 598.0 42.0 nit. et quoniã ipsa lux omni creature est incom

1277.0 1694.0 600.0 42.0 prehensibilis. tenebre eam non comprehederũt.

1278 1717 84 48 Beda.

1367 1717 506 50 Nam alii euangeliste xp̃m in tꝑre natũ

1277.0 1749.0 598.0 46.0 describũt: ioh̾es uero eundẽ in principio testat᷑.

1277.0 1777.0 593.0 44.0 fuisse dicens. In principio erat uerbũ. Alii inter

1277.0 1808.0 593.0 41.0 homines eum subito apparuisse cõmemorant:

1275.0 1838.0 587.0 47.0 ille ip̃m apud deũ semꝑ fuisse testatur dicens

1277.0 1869.0 593.0 43.0 Et uerbũ erat apud deum. Alii eũ ueꝵ homĩem

1277.0 1901.0 595.0 36.0 ille uero confirmat ip̃m ueꝵ eẽ deũ dicens. Et d̾s

1279.0 1926.0 591.0 40.0 erat uerbũ. Alii hoĩem eum apud hoĩes tꝑalit̾

1277.0 1953.0 596.0 42.0 ꝯuersatũ: ille deũ apud deũ in principio manẽ

1277.0 1982.0 588.0 45.0 tem ostendit dicens. Hoc erat in p̾incipio apud

1280.0 2011.0 592.0 45.0 deũ. Alii magnalia que in hoĩe gessit ꝑhibent:

1274.0 2044.0 603.0 37.0 ille ꝙ oẽm creaturã uisibilem et ĩuisibilem per

1274.0 2070.0 604.0 46.0 ip̃m deus pater fecerat docet dicẽs. Omĩa ꝑ ip̃m

1272.0 2100.0 595.0 40.0 facta sunt: et sine ip̃o factũ est nichil. ¶ Fuit

1272.0 2129.0 595.0 43.0 homo missus a deo: cui nomen erat iohãnes.

1271 2151 153 77 Augustinꝰ

1422 2151 446 86 Eaque dicta sũt suꝑius de diuini

1156 2016 105 52 Iohannes

1158 2040 108 48 euangelista

1163 2091 101 23 docet omnẽ

1165 2100 94 46 creaturã ꝑ

1168 2098 110 132 ip̃m factum.

1432 220 339 88 unũ ex quattuor.

333 1026 185 74 Idẽ aũt ẽ uita et lux.

316 2009 233 50 Sic lux hoĩm dicit᷑ et

319 2043 227 55 cuiuslibet creatura est.

2164.0 375.0 602.0 69.0 tate xp̃i dicta sunt. qi sic uenit ad nos scd

2168.0 425.0 614.0 46.0 qd̾ apparuit homo quia igr̾ sic erat homo ut

2168.0 455.0 604.0 50.0 lateret in illo deus. Missus est ante illũ mag

2169.0 484.0 603.0 50.0 nus homo ꝑ cuius testimoniũ inueniret᷑ plus

2168 520 134 46 qͣm homo.

2305 518 177 48 Theophilus.

2482 513 286 53 Fuit homo non ãge̾

2168.0 548.0 607.0 43.0 lus ut suspicionẽ ml̾toꝵ destruere. Missus a

2161 575 55 48 deo

2216 575 142 48 Crisostomꝰ

2358 570 412 53 Nichil de reliquo humanũ esse

2168.0 601.0 607.0 44.0 estima eoꝵ que dicũtur ab illo. Non enĩ que eiꝰ

2168.0 634.0 601.0 47.0 sunt sed que mittentis omĩa loqͥtur is et ange

2168.0 663.0 599.0 45.0 lus nũcupatus est a ꝓpheta dicente. Ego mitto

2168.0 692.0 599.0 48.0 angelum meũ. Angeli enĩ uirtus est nichil pro

2166 714 501 53 prium dicere. ¶ Cui nomen erat ioh̾es

2667 709 110 51 Alcuinꝰ

2166.0 743.0 603.0 54.0 Id est gratia dei uel in quo est gratia qui gratiã

2169 780 598 48 noui testamenti id est xp̃m suo testimonio pri

2168.0 804.0 601.0 46.0 mũ mũdo ĩnotuit. Uel iohãnes interpretat᷑ cui

2169.0 839.0 592.0 41.0 donatum est. quia ꝑ grãm dei donatũ est illi re

2171.0 864.0 585.0 48.0 gem regũ non solum precurrere: sed eciam bapti

2169.0 896.0 587.0 47.0 sare. ¶ Hic uenit in testimoniũ. ut testimoni

2166 916 309 57 um ꝑhiberet de lumine.

2475 920 151 48 Crisostomꝰ

2629 918 139 50 Non eo ĩdi

2169.0 954.0 597.0 45.0 gente testimonio: sed propter quid ipse iohan

2169.0 978.0 598.0 46.0 nes docet dicens. ¶ Ut omnes crederent ꝑ illũ

2168.0 1012.0 601.0 43.0 Sicut enĩ carnem induit ne omẽs ꝑderet. ita ⁊

2169.0 1037.0 600.0 47.0 preconem hoĩem misit ut cognatam audiẽtes uo

2166 1062 324 50 cem facilius aduenirent.

2490 1064 81 44 Beda.

2571 1060 194 48 Maledictus hõ

2169.0 1092.0 601.0 46.0 qui confidit in homine: sed ut omnes crederent

2174.0 1128.0 590.0 42.0 ꝑ illum hoc est ꝑ illius testimoniũ crederent in

2168 1136 84 63 lucem

2254 1151 137 48 Crisostomꝰ

2391 1151 367 45 Quia uero multũ apud nos

2168.0 1179.0 598.0 44.0 maior est qui testatur. eo cui testimoniũ ꝑhibet

2171.0 1211.0 588.0 37.0 et dignior fide esse uidetur. ne quis de ioh̾e hoc

2166.0 1237.0 593.0 45.0 suspicetur hanc suspicionem destruit dicens.

2180.0 1266.0 586.0 46.0 ¶ Non erat ille lux. sed ut testimoniũ ꝑhiberet

2166 1290 139 45 de lumine.

2305 1295 163 40 Theophilus.

2466 1292 299 46 Ergo ioh̾em neq scõrum

2171.0 1327.0 601.0 43.0 quẽpiam lucem esse uel fuisse dicemꝰ: sed si scõrũ

2166.0 1355.0 598.0 40.0 aliquem lucẽ uelimꝰ dicere ponamꝰ lucem sine

2168 1384 610 42 articulo: non enĩ ipsa principalior: sed lux dicit᷑

2169.0 1411.0 589.0 43.0 scd̾m participatioẽm quam habet a uero lumine.

2171 1436 199 48 ¶ Erat lux era

2370 1436 141 41 Augustinꝰ

2511 1439 250 47 Quare additur lux

2169.0 1467.0 594.0 43.0 uera: qͥa homo illuĩatus lux dicitur. Sed uera

2168.0 1496.0 595.0 40.0 lux est que illuminat: nã et oculi nr̃i dicũtur lu

2171.0 1523.0 592.0 40.0 mina. et tamen nisi aut ꝑ noctem lucerna accen

2171.0 1550.0 592.0 42.0 datur. aut ꝑ diem sol luceat. lumina illa sine cã

2171.0 1579.0 598.0 43.0 patent. ¶ Que illuminatoẽm homĩem Si om

2172.0 1610.0 595.0 40.0 nem hoĩem: ergo et ip̃m ioh̾em: ipse ergo illumĩa

2168.0 1635.0 596.0 43.0 bat eum a quo demonstrari uolebat. radiauit io

2171.0 1662.0 598.0 45.0 hãnem et ꝑ illum ꝯsistentem se illuminatũ cog

2168.0 1690.0 596.0 46.0 nitus est ille qui illuminat. ¶ Uenientem in

2171 1717 187 48 hunc mũdum

2360 1719 137 48 Augustinꝰ.

2499 1712 266 55 Hoc sic intelligimus

2168.0 1752.0 602.0 43.0 non quia nullus est hominũ qui non illuminẽ

2166 1777 513 48 tur: sed quia nisi ab ipso nullus illuĩat᷑.

2684 1779 79 48 Beda

2168.0 1809.0 609.0 44.0 Sine naturali ingenio sine sapĩa diuina sicᵗ.

2171 1837 604 42 enĩ nemo a seipso esse habet? sic eciam a seipso ne

2166 1861 506 52 mo sapiens esse potest. ¶ In mundo erat

2672 1870 105 43 Origeneˢ

2168.0 1893.0 601.0 49.0 Ut enĩ qui loquitur dum loqui cessat uox eiꝰ es

2168.0 1926.0 591.0 45.0 se desinit et euanescit: sic celestis pater si uerbũ

2168.0 1957.0 593.0 40.0 suũ loqui cessauerit effectus uerbi hox est uniu̾

2169.0 1984.0 600.0 41.0 sitas uerbo condita. non subsistet. Non autẽ pu

2171.0 2013.0 598.0 41.0 tes qd̾ sic sit in mundo qũo in mũdo est terra pe

2169.0 2041.0 600.0 37.0 cora e homines: sed eo modo quo artifex regens

2171.0 2068.0 599.0 50.0 quod fecit. ¶ Et mũdus ꝑ ipsum factus est. Nõ

2171.0 2100.0 603.0 47.0 enĩ sic fecit quẽ ad modũ fecit faber. qui enĩ fabri

2171.0 2131.0 596.0 38.0 cat extrinsecus est ad illud qd̾ fabricat: deus au

2166.0 2155.0 600.0 70.0 tem infusus mũdo fabricat ubiq positus et nõ

2770 434 113 28 Missus est

2775 431 114 50 añ eũ magnꝰ

2773 494 112 57 ĩueĩret᷑ plus

2777 474 108 32 homo ꝑ cuiꝰ

2775 494 108 26 testimoniũ

2777 530 101 47 qmͣ homo.

2773 833 115 36 Dei gratiã

2768 856 115 34 donatũ ẽ so

2773 868 112 43 hãni regem

2773 913 115 35 p̃currẽ ş eciã

2773 918 105 91 baptizare.

2773 896 121 30 regũ nõ solũ

2286 219 363 76 Monotesseron siue

2890.0 370.0 614.0 69.0 recedit ab aliquo p̃ntia maiestatis sue facit id

2887 428 619 40 qd̾ facit sic ergo erat in mũdo quomodo per quem

2889.0 452.0 615.0 42.0 factus est mundus. ¶ Et mũdus ꝑ ip̃m factus

2890 479 41 43 est.

2933 479 156 43 Crisostomꝰ

3092 479 408 51 Et rursus te reducens ad eternã

2890.0 511.0 613.0 48.0 existentiam unigeniti qui enĩ audierit qm̃ opꝰ

2892.0 540.0 603.0 45.0 eius hoc totũ est. et si ualde insensibilis fuerit

2885 563 552 53 cogetur. concedere ante oꝑa fuisse factorem

3440 570 52 48 The

2890 597 127 50 ophilus.

3017 594 475 51 Simul autẽ hic et marchionis sub

2889.0 634.0 606.0 40.0 uertis rabiem qui malignũ conditorẽ cuncta

2890.0 661.0 597.0 42.0 produxisse dicebat. necnon et arrii qui filiũ dei

2888 683 273 48 dicebat esse creaturã.

3161 685 151 41 Augustinꝰ

3315 685 180 46 Celum terra

2890.0 716.0 611.0 45.0 mare ⁊ omĩa que in eis sunt mũdus dicit᷑. Iteꝵ

2890.0 748.0 616.0 41.0 in alia significatione dilectores mũdi mũdus di

2890.0 773.0 614.0 45.0 cunt᷑: de quo dicit. ¶ Et mũdus eũ non cognouᵗ

2889.0 802.0 615.0 47.0 Non enĩ testimonia ꝑhibuerũt. sed qui nõ cogno

2890.0 834.0 614.0 43.0 uerũt: qui amando mundũ dicti sunt mundus

2892.0 866.0 614.0 38.0 amanda enĩ mundũ habitamus corde in mundo.

2889.0 888.0 628.0 45.0 Nam qui non diligunt mundũ. carne uersantur

2887.0 919.0 619.0 45.0 in mũdo: sed corde inhabitant celũ. sicut apls̾ di

2890.0 943.0 618.0 49.0 cit. Nostra ꝯuersatio in celis est. ¶ In ꝓpria uenᵗ

2885 973 293 48 et sui eũ non receperũt.

3176 976 184 48 Crisostomus

3363 968 146 53 In ꝓp̾a uenit

2889.0 1008.0 620.0 39.0 non gratia sue necessitatis. sed gratia beneficii su

2890.0 1034.0 616.0 43.0 orum. Sed unde uerut. qui omnia implet ⁊ ubiq

2889.0 1064.0 617.0 42.0 adest: Eadem quidẽ qͥ ad nos condescensione hic

2890.0 1092.0 618.0 41.0 oꝑatus est quia enĩ in mundo existens nõ puta

2889.0 1122.0 619.0 41.0 batur adesse: eo ꝙ nondũ cognoscebatur. dignatꝰ

2890.0 1154.0 611.0 38.0 est induere carnem. Manifestatioẽm uero hanc ⁊

2890.0 1181.0 618.0 42.0 condescensioẽm presentiam uocat. Misericors ãt

2892.0 1215.0 616.0 40.0 existens deus omĩa facit. ut nos scd̾m uirtutem

2890.0 1240.0 611.0 45.0 splendeamus. et propter hoc quidem nullũ ne

2894.0 1272.0 609.0 37.0 cessitate. suasione uero et beneficiis uolentes ad

2895.0 1298.0 609.0 43.0 se attrahit. et propterea uenientem eum hii qui

2894.0 1327.0 614.0 43.0 dem susceperunt: alii uero non receperunt ¶ Et

2892.0 1354.0 609.0 45.0 sui eum non receperunt. Iudeos nũc suos dicit

2890.0 1383.0 619.0 43.0 ut populum peculiarem: sed ⁊ omnes homĩes. ut

2888 1412 187 48 ab ispo factos.

3075 1412 146 46 Augustinꝰ.

3224 1407 278 51 Si aũt omĩno nullꝰ

2889.0 1440.0 614.0 48.0 recepit. nullus ergo saluus factus est. Nemo enĩ

2890.0 1470.0 616.0 48.0 saluus fiet nisi qui xp̃m recepit uenientem. Et

2889.0 1506.0 612.0 36.0 ideo addidit. Quocquot autem receperunt eum.

2885 1527 152 36 Crisostomꝰ

3037 1520 465 50 Siue sint serui siue liberi siue greci

2886.0 1555.0 615.0 40.0 siue barbari. siue insipientes. siue sapientes. si

2889.0 1587.0 609.0 40.0 ue mulieres siue uiri. siue pueri siue senes om

2886.0 1614.0 612.0 42.0 nes eodem digni facti sunt honore. qͥa ¶ Dedit e

2885 1638 367 43 is potestatem filios dei fieri

3252 1638 149 45 Ambrosius

3404 1635 98 53 Magna

2889.0 1666.0 614.0 41.0 beniuolentia unicus natus est: et noluit mane

2890.0 1693.0 614.0 46.0 re unus. non timuit habere coheredes. quia here

2890.0 1725.0 614.0 43.0 ditus eius non sit angusta si multi possederint

2888 1750 153 46 Crisostomꝰ.

3039 1750 463 51 Non aũt dixit quoniam fecit eos fi

2889.0 1779.0 619.0 51.0 lios dei fieri: sed dedit eis potestatem filios dei fi

2886.0 1811.0 618.0 50.0 eri. Ostendens enĩ quoniam multo opus est stu

2887.0 1840.0 622.0 46.0 dio ut eam que in baptismo adoptionis forma

2892.0 1872.0 612.0 46.0 ta est ymaginem incõtaminatam semꝑ custo

2888 1897 501 50 diamus ¶ Qui credunt in noĩe eiꝰ.

3387 1897 125 50 Augustĩꝰ

2894.0 1928.0 614.0 46.0 Credentes ergo filii dei fiũt: et fratres xp̃i utiq

2894.0 1961.0 609.0 42.0 nascũtur. Nam si non nascantur qũo filii esse

2890.0 1990.0 611.0 42.0 possunt: Si filii hominũ nascũtur ex carne ⁊

2890.0 2017.0 618.0 43.0 sanguine ⁊ ex uoluntate uiri et complexu cõui

2892.0 2046.0 612.0 45.0 gii: illi aũt quomodo nascantur. subdit. ¶ Qⁱ

2892.0 2080.0 612.0 38.0 non ex sanguĩbus. Maris et femine ut hoĩes

2890.0 2104.0 613.0 40.0 nascuntur. ¶ Neq ex uolũtate carnis. Carnẽ

2888 2129 525 51 pro femina posuit. ¶ Sed ex deo nati st.

3413 2129 89 51 Beda

2886.0 2166.0 625.0 69.0 Carnalis autem singuloꝵ generatio ex ꝯcplexu

2775 1355 115 48 esse uel fuisse

2776 1318 113 29 Iohannem

2775 1311 113 53 neq scõrum

2777 1352 109 37 quempiã lucẽ

2777 1393 96 44 dicemus.

3034 215 338 91 unũ ex quattuor.

2777 1808 113 37 Sicut enim

2777 1834 106 29 nemo a seip̃o

2777 1849 118 36 eẽ habet. sic a

2777 1870 109 33 seip̃o nemo

2777 1889 106 58 sapiens esse

2775 1913 72 84 potest.

3487 215 168 83 Foᵒ .uiii.

3514 618 230 58 Simul aũt hic et mar

3509 652 240 36 cionis subu̾titrabiẽ qͥ

3509 681 230 50 malignũ cũcta ꝓduxisse

3507 697 76 46 dicebat.

3524 1453 241 43 nisi qui receperit cristũ

3534 1431 222 38 Nullus enĩ saluus fiet

3519 1483 100 47 uenientẽ.

3521 1055 214 43 In ꝓpria uenit nõ sue

3526 1084 225 52 nãitatis sed suorum.

3526 1906 235 59 Credentes filii dei fiunt.

3526 1952 204 50 et fratres cristi utiq

3524 1982 117 58 nascuntur.
