2204 2976
231.0 423.0 327.0 79.0 huius genealogie

233 476 372 69 scriptae sꝑ [[???]]

230 510 433 179 eõ digno [[???]] supra.

613.0 330.0 1314.0 101.0 narchiam totius imperii francorum & romanorũ assumit. An

627 414 1040 134 no uerbi incarnati .dcclͦͨxxxͫͦuͭͦ. Indict̃ .iii.

567 503 1336 139 INCIPIT PREFATIO DE UITA SCĨ UUANDRE

575 612 790 104 GISILI CONFESSORIS

638.0 696.0 1314.0 127.0 cripturus uitam beatissimi patris uuandregisili. spm̃ scm̃

624.0 803.0 1308.0 122.0 toto uirium nisu peto ad uitorem. quatinus ipse mihi sci

605.0 894.0 1341.0 111.0 entiam eloquendi textum uitae illius misericorditer tribu

618.0 1010.0 1308.0 104.0 at qui seruo resuae caritatis multi formiter corscĩ inflam

616.0 1097.0 1305.0 103.0 mare disposuit. ac suae habitationi dignissimũ reddidit:

582.0 1180.0 1335.0 109.0 Namtam preclaro operi pauper suc cumbit ingenium: nisi

611.0 1274.0 1330.0 103.0 diuinum adsuerit prefto suffragium: Et enim in operib

611.0 1368.0 1325.0 108.0 eximii uiri multi plex materia repperitur dicendi: Et si

616.0 1463.0 1313.0 101.0 ne huic negotio aliquatenus iudicassem idoneum. olim

615.0 1554.0 1309.0 115.0 almi ⟦ ⟧pa⟦ ⟧tris gesta scripturus aggrederer: Consido

611.0 1648.0 1348.0 107.0 tamen in illo qui dixit: Aperi ostuum & ego adimplebo

616.0 1732.0 1358.0 103.0 illud: Non erit ergo mirũ sine erudito ompt̃s prȩbeat uera

615.0 1826.0 1289.0 101.0 dicendi intellectum. qui quando uoluit asellȩ brutae

611.0 1922.0 1340.0 113.0 tribuit eloquium: Intercedente ergo ipso uenerando pa

611.0 2013.0 1330.0 98.0 tre conabor iam uirtute qua ualuero e pluribus pauca

621.0 2106.0 1333.0 107.0 reuoluere: Inseremus ergo illa quae ueris assertionibus.

624.0 2218.0 1323.0 104.0 expertisumus suisse patrata: Nonnulla enim amemetip

626.0 2311.0 1313.0 104.0 so uisa. pleraq &iã uenerabilium monachorum eius qui ei

639.0 2398.0 1328.0 113.0 ꝑ prolixa ad heseruit tempora assertione uerissima prola
