2212 2976
226 307 1378 131 magis diuino igne succendi. atqu: contemplatiuȩ

225 408 1401 112 uitae alta rimari. dm̃ que glorificare. simul & lauda

225 515 1366 100 re. dicens illum super omni^ toto nisu diligendũ. qui

940 508 45 50 a

226 616 1405 101 ubicumq iuste fuerit inuocatus prȩsens est exauditor.

225 724 1427 110 secundum illius prophetȩ dictum: Cum quȩ fieritis me

223 825 1409 107 in toto corde ũro: inueniar a uobis: Quique ita se ipsum

229 929 1422 112 propria disciplina cohercebat intonsus. quasi futuram

229 1030 1390 119 speciem pastoris olim suis prȩsignaret in gestis ut in re

233 1137 1323 107 prehensibilis in templo xp̃i prepararetur sacerdos:

225 1240 1394 100 O perfectissimum laicũ: cuius imitatores ipsi esse desi

228 1332 1365 108 derabant sacerdotes: O mens omnibus predicanda:

226 1463 328 74 cui non fuit

670 1435 953 104 aliud uiuere nisi xp̃m cum dilectio

228 1532 1092 119 ne timere. & cum timore diligere:

1328 1532 315 109 .U. DE LOCO

228 1648 1393 101 NUNCUPANTE MONTEFALCONIS: UBI CLERI

239 1754 900 86 CATUS HABITUM SUMSIT:

307 1846 1311 111 ostquam autem ut superius indicatum est ipse uir

294 1939 1305 97 sc̃s mundi huius oblecta menta deseruit: optabat

180 2038 1434 108 in scõ coenobio diuinȩ insistere philosophiae. ac mo

231 2149 1383 92 nasticȩ regulae uenerabilem animum tradere in

243 2245 1350 102 formandum: Ac primum in loco qui dicitur mons

239 2337 1412 111 falconis cum uiro scõ nomine balt⟦ ⟧rido non multum

231 2446 1403 98 temporis habuit: cuius actus & uitam in gestis de

243 2552 1351 128 eo scriptis. si qui noscere uelint facile repperient:

1849 89 116 119 12
