2212 2976
175.0 327.0 1381.0 109.0 tritus. & suis fuerat olim ministeriis ascitus. nitebat᷑

185.0 434.0 1403.0 101.0 ei consultu suorum molestiam inferre: pro eo quod sine

191.0 540.0 1355.0 89.0 eius permissione habitum mutass& ac monasticae se

186.0 639.0 1433.0 108.0 religione mancipasset: Quem accersiri. ac regiam quan

180.0 740.0 1413.0 108.0 totius iussit migrare in aulam: Ipse autem auxilio dñi

191.0 841.0 1407.0 111.0 fisus quiei semper prȩsens opitulari solebat reminiscens

183.0 944.0 1357.0 107.0 & iam illius apłi petri. subiecti estote omni humanae

190.0 1054.0 1350.0 103.0 creaturae ꝓpter dm̃. siue regi quasi prȩcellenti: licet

188.0 1147.0 1395.0 122.0 nolens quidem in palatio sese exhibuit optutibus regis:

134.0 1253.0 1434.0 112.0 Cum autem iussus regias licet animo reluctante propera

190.0 1354.0 1365.0 112.0 ret ad aedes. ante foraes palatii quendam pauperculum

191.0 1461.0 1402.0 108.0 subito offendit cum uehiculo quod ei sola erat domus luto

188.0 1572.0 1377.0 97.0 dimersum: Cumq miserum preterirent: aut etiam ali

191.0 1671.0 1382.0 104.0 qui comprimerent: intellexit uir sc̃s mercedem sibi ex hoc

193.0 1774.0 1358.0 94.0 reseruare si indigenti atq: humi deprȩsso misericordiam

195.0 1866.0 1389.0 101.0 exhiberet: Cernens etiam crudelitatem quam operaban

191.0 1962.0 1423.0 101.0 tur tumidi: de equo cui sedebat cum grauitate descendit:

188.0 2069.0 1418.0 105.0 & pauperi manum porrigens. simul cum plaustro eũ de luto

1268 2142 57 67 .i

186 2169 1407 101 leuauit: Tunc quidam stolidorum prospic^entes. qualit̃

188.0 2271.0 1380.0 98.0 de sub leuatione iacentis luto sum gestaret amictum: ua

190.0 2369.0 1393.0 99.0 nae gloriae & temeritati more inuidorum pharisȩorum

188.0 2473.0 1387.0 104.0 deputabant: Ipse uero solidõ placere desiderans de uitu

191.0 2589.0 1342.0 100.0 peratione nil curabat iniquoꝵ. Sed humilis humilem

1850 187 58 57 13
