2204 2976
387 634 178 139 ⁜t tim

676 322 1303 144 magistrum imitabatur. qui in eu⟦ ⟧angelio inquit: Si pa

669 419 1300 136 trem familias beelzebub uocauerunt. quanto magis do

679 510 1293 133 mesticos eius: Cum uero illatum sibi ex pietate ob pro

1749 592 52 57 ⁜

649 620 1308 137 brium suo patienter amplexaretur in corde: ex templo

671 705 1337 143 caelitus niueo indutus amictu adest angelus. qui uestẽ

674 810 1331 140 illius dilegenter emundans. candidiorem quam antea fue

694 912 1295 129 rat reddidit: Postea perueniens in domum regiam: sta

692 1013 1311 126 bat in conspectu regis & procerum illius quasi agnus in

701 1107 1304 142 medio beluarum: Et dñs custos & rector omnium pla

701 1213 1319 117 centium sibi: ab hostium lȩsione hunc tutum ac munitũ

706 1301 1297 135 ubiq reddebat: Omnibusq liquido pate factum est. ip

712 1405 1285 130 sũ fidelissimũ dĩ esse famulũ: qui cunctam huius mundi

717 1512 1288 121 gloriam ꝓ expectatione calcasset futurorum: Et prȩce

719 1612 1298 115 pit rex ut nemo illi inquietus existeret: sed pro uoto ani

717 1702 1318 118 mi sui diuinis seruiret mandatis: et ꝓpositi sui obseruan

712 1795 1318 116 tiam nullo resistente seruaret: Sicque regia auctorita

707 1888 1303 115 te securus de reliquo: ad dilectȩ habitationis locum re

709 1984 303 114 uersus est:

1015 1974 1015 124 UII. QUOD IN ELISGAUGIO TERRITORIO

727 2081 1319 108 IN PROPRIA POSSESSIONE MONASTERIUM CON

740 2177 1315 107 STUXERIT. ET DE MULTIMODO CERTAMINE EIUS

895 2261 1120 127 uod non multo post occasione quadam loco

895 2363 1167 136 relicto: in eligaugium conmigrauit territori

858 2486 1137 104 um: ubi & monasterium struxit pro temporis
