2228 3242
319 345 1300 114 tyriace & tutẽ expellendi nocitiuas cãs

337 426 1274 119 ᷤᷤᷤᷤᷤᷤᷤᷤᷤs anteꝙ̃ cibus digeratur miscebitur cũ

329 507 1293 117 ip̃o tyriaca. et tunc faciet cibum acqͥrere

324 575 1292 127 maliciã digõius. et adueĩet ei ex hᵒ. mo

324 664 1287 116 lestia et angustia et nõ mite̾t ᷑ corpus ex

327 753 1257 100 ip̃o. In hora u̾o multe uccĩtatis facile

321 829 1314 119 erit sufferre dolorẽ et molestĩa ¶ Et dixe

319 915 1276 100 rũt medici ꝙ mod̾atꝰ motus ĩ ambula

327 994 1281 97 cõne et equitacõe cõfert multũ ĩ ꝯẜura

335 1061 1265 106 tionẽ saĩtatis qñ tẽpus multũ calidũ

324 1153 1290 116 excessiue nõ fuerit ¶ Balneũ qͦq hoc

335 1229 1281 116 idẽ faciet qñ steterit in ip̃o mediocri mõ

329 1304 1274 122 et euacuato stomaco a cibo absq fame

327 1380 1311 135 et ĩ tempore nõ multũ calido. et h ͦ qͦlibet

337 1472 1252 130 die decino. ¶ Et dicũt ꝙ ablutio sui

340 1561 1268 122 corꝑis cum aqua tepida ante coẽstionẽ

332 1650 1303 114 cõseruat sanitatẽ Et prohibuerũt effu

335 1726 1284 119 sionem aq̃ tepide supra caput tãtum.

329 1810 1271 102 et iusserũt effundi supra caput solũ

335 1896 1300 114 aquã calidã quãtũcũq erit poˡᵉ sustĩeri.

337 1972 1252 119 ¶ Item dixerũt ꝙ masticacõ corticũ

340 2053 1290 105 nucũ uł fricatio dentiũ cũ illis quolibet

335 2131 1271 97 quĩto dies eł mũdificat caput et sensꝰ

340 2201 1260 106 et uisum et acuit intellectũ hoĩs ¶ Et

343 2293 1295 100 dixerũt Qui cupit suã sanitatẽ ꝯserua

343 2369 1287 127 re o hr̃e panẽ quẽ ip̃e coẽdit factũ et

1630 267 460 100 traᵗꝰ. i. ca uniᶜᵘ; de

1649 335 470 108 cõẜuaᶜ. saĩᵗⁱˢ et pᷤ

1638 389 443 124 ẜuaᶜ. ab egrituⁿᵉ.
