2782 3576
375 384 1375 143 iunctus angłis hic opem confert scłis

286 527 933 149 Cum quo nos summa dĩtas

1246 524 805 140 RESPR̃ CŨ ANTIPHONIS

360 650 1593 157 IN FESTUITATE SC̃I IOHĨS AD UESPR̃.

447 789 1640 110 RETIOSA EST MORS SANCTORUM DOMINI QUI AD

387 926 1706 119 sistunt ante thronum maiestatis suȩ de quorum collegio inter

357 1045 1712 126 primos theologos summȩ confessor &. athleta uenerande refulg&

360 1174 1721 140 sancte lohannes interueni quesumus ꝓ nostra fragilitate in conspectu

339 1275 430 164 summȩ dettatis

259 1421 71 128 A

876 1296 677 125 INUITATORIUM

351 1442 1709 140 A̾ Adoremus xristum regem confessorum dominum qui ȩterNa

330 1570 952 101 sanctum iohannem coronauit gloria

1326 1531 704 146 IN I. NOCTURÑ

345 1659 1754 161 Prȩclara exostus ꝓsapia iohannes sacer ȩgregius ab ipsa puerili ȩtate

330 1785 1685 157 domini ꝑfunditur gratia P̾ B. A̾ Qui cum ind omo parentum

330 1957 1751 123 adhuc indole aetatis frueretur non lasciuiam sectabatur sed sanctoꝵ

336 2044 1736 173 patrum uestigia sequebatur P̾ Q. A̾ Litteris namq eruditus &

316 2205 1857 128 xristi gratia edocatus relictis omnib retinaculis ad xristum se contulit

322 2300 1714 164 C. A̾ Repletus deniq gratia domini construxit coenobium lo

330 2436 1680 156 catoq monachoꝵ grege regimen ipse suscepit. P̾ U. A̾ Lollente

322 2571 1672 128 monachoꝵ caterua humilitatis gratia noctis tenebras captans ob

327 2720 1655 128 fugit & lirinum insulam marinam ingressus sui reticuit ꝓpositi

313 2825 1705 190 dignitatem P̃ Dnẽ. Ã Reꝑtus a quodam compulsus est inuitus

187 794 84 174 A̾

250 1719 66 80 A

1932 217 137 128 47

229 2309 98 128 P̾
